1941 3363
1534 227 1655 289 161

263 414 342 473 A.
427 412 919 476 PERSII
1031 410 1564 473 FLACCI

618 595 1200 675 VITA.

338 803 548 854 ULUS
591 800 790 854 Persius
825 800 1042 854 Flaccus
1070 810 1228 854 natus
1257 801 1328 855 est
1353 803 1643 857 Volaterris

361 876 416 928 in
439 874 711 936 Hetruria‚
733 876 776 927 F
779 875 862 927 ab.
878 873 1096 936 Perfim,
1119 890 1170 927 et
1190 878 1251 928 L.
1267 877 1482 930 Vitellio
1500 878 1644 930 Coss,

167 948 305 1001 circa
341 948 644 1001 vicefimum
678 947 893 1020 Imperii
928 947 1130 1001 Tiberii
1169 950 1380 1003 Caesaris
1419 970 1642 1013 annum,

165 1039 198 1073 a
219 1021 429 1074 Christo
450 1022 591 1094 paffo
612 1019 719 1074 fere
739 1021 1042 1084 secundum,
1072 1034 1219 1094 patre
1241 1025 1427 1092 Flacco
1448 1026 1644 1096 Equite

167 1096 436 1157 Romaim,
480 1113 640 1166 quem
668 1095 904 1148 sexennis
934 1096 1120 1158 amisit,
1158 1109 1324 1150 matre
1350 1099 1537 1151 Fulvia
1564 1100 1643 1152 Si·-

166 1167 361 1231 sennia,
405 1167 461 1221 in
489 1178 652 1239 quam
678 1168 870 1239 pietate
905 1169 1010 1222 fuit
1045 1168 1252 1240 infigni,
1295 1174 1643 1242 quemadmo-

161 1242 297 1295 dum
325 1254 376 1294 et
402 1260 524 1313 erga
551 1243 780 1303 sorores;
813 1241 945 1296 illud
971 1242 1127 1296 initio
1155 1246 1348 1315 Satyrae
1374 1245 1525 1298 sextae
1552 1247 1641 1298 fu-

164 1314 267 1368 fius
294 1315 605 1380 declaratur,
643 1315 709 1367 ad
743 1334 792 1368 V.
815 1316 864 1370 6.
891 1318 1049 1373 verba
1075 1317 1203 1380 haec,
1245 1318 1366 1370 mihi
1392 1337 1517 1371 nunc
1540 1321 1643 1373 Li-

156 1408 251 1460 gus
274 1408 361 1441 ora
385 1390 582 1460 intepet.
642 1391 783 1442 Cum
810 1405 1075 1444 annorum
1103 1391 1220 1444 effet
1247 1392 1525 1445 duodecim
1552 1413 1640 1446 ve-

163 1462 246 1516 nit
283 1466 534 1525 Romam,
575 1462 668 1516 ubi
701 1464 1012 1517 Remmium
1051 1466 1404 1519 Palaemonem
1443 1464 1640 1521 Gram-

163 1536 419 1589 maticum
455 1536 673 1600 audivit,
708 1536 997 1590 Rhetorem
1026 1557 1147 1591 vero
1178 1539 1482 1609 Virginium
1516 1543 1639 1595 Fla-

162 1609 327 1673 vium,
373 1610 484 1662 aliis
520 1611 791 1663 Flaccum.
867 1615 1055 1665 Annos
1096 1625 1254 1665 natus
1292 1613 1545 1668 sexdecim
1577 1635 1637 1668 o-

160 1697 342 1756 peram
379 1683 522 1736 dedit
549 1689 757 1737 Annaeo
785 1687 1030 1738 Cornuto
1068 1686 1250 1738 Stoicae
1287 1687 1636 1759 Philosophiae

163 1757 523 1828 antefignanO,
555 1776 715 1829 quem
748 1758 908 1811 etiam
945 1759 1162 1812 mirifice
1199 1760 1381 1823 coluit,
1425 1763 1489 1815 ab
1526 1762 1637 1834 ipso

161 1830 359 1903 pariter
384 1842 610 1894 amatu8‚
648 1843 709 1883 ut
741 1845 885 1904 patet
912 1851 973 1886 ex
1001 1836 1180 1905 Satyra
1207 1834 1410 1905 quinta.
1488 1836 1637 1909 Qu

161 1915 215 1957 et
240 1904 287 1958 ei
313 1904 503 1975 legavit
529 1923 642 1957 non
669 1906 987 1959 mediocrem
1018 1926 1368 1962 nummorum
1406 1909 1632 1981 copiam,

161 1977 419 2031 nimirum
453 1977 676 2031 sestertia
715 1992 950 2042 centum,
992 1995 1086 2033 aut
1130 1982 1260 2034 ficut
1299 1981 1386 2035 alii
1425 1985 1633 2046 volunt,

160 2051 367 2123 argenti
402 2050 529 2105 faeti
564 2054 746 2124 pondo
781 2052 988 2123 viginti,
1029 2067 1217 2126 praeter
1251 2055 1633 2110 Bibliothecam

159 2125 326 2188 suam,
367 2124 424 2177 in
464 2143 572 2196 qua
614 2138 901 2178 numerant
939 2126 1101 2199 aliqui
1147 2129 1309 2182 libros
1355 2129 1633 2202 Chryfippi

160 2195 534 2271 septingentos.
609 2203 684 2251 At
723 2201 995 2253 Cornutus
1030 2202 1126 2254 hos
1157 2201 1371 2274 quidem
1414 2206 1631 2276 accepit,

160 2273 440 2344 pecuniam
485 2285 663 2326 autem
710 2273 922 2345 reliquit
964 2275 1119 2327 Perfii
1162 2276 1444 2339 sororibUS,
1498 2295 1630 2349 quas

159 2347 386 2398 haeredes
427 2346 512 2399 ille
552 2346 760 2399 fecerat.
837 2347 986 2400 Obiit
1013 2365 1076 2401 ex
1110 2349 1365 2403 stomachi
1391 2350 1538 2413 vitio,
1573 2350 1632 2403 in

158 2414 269 2490 ipso
295 2418 460 2472 aetatis
487 2419 632 2484 flore,
660 2439 803 2473 anno
829 2420 1015 2473 scilicet
1034 2421 1281 2493 vigesimo
1307 2424 1510 2485 octavo,
1540 2437 1634 2477 aut

159 2510 272 2545 non
301 2494 473 2545 multo
500 2494 655 2556 seem,
686 2507 738 2546 et
765 2494 972 2566 imperii
998 2497 1227 2548 Neronis
1256 2496 1458 2550 circiter
1484 2498 1629 2550 octa-

158 2583 243 2628 vo,
271 2566 522 2637 quicquid
556 2568 643 2620 alii
677 2567 872 2630 dicant,
909 2567 1117 2640 ipseque
1147 2571 1458 2642 Hieronym.
1488 2573 1630 2642 quod

158 2640 376 2709 egregie,
418 2653 481 2692 ut
520 2641 718 2703 omnia,
756 2642 1097 2694 Casaubonus
1133 2644 1382 2696 observat.
1461 2645 1631 2698 Fuisse

160 2729 334 2765 revera
361 2712 609 2776 Perfium,
650 2727 712 2768 ut
752 2715 954 2767 Probus
983 2715 1156 2779 refert,
1186 2718 1496 2771 verecundia
1523 2720 1626 2771 vir-

810 2788 858 2840 L
1445 2793 1624 2862 ginali,
