1941 3363
345 233 774 322 JnvENAms
826 234 1097 295 SATYRA
1148 243 1299 296 XIII.
1495 252 1616 313 125

97 393 226 460 Qae
252 404 355 442 tarn
376 391 499 442 festa
526 390 646 448 dies,
684 400 740 439 ut
764 387 910 439 ceffet
936 388 1147 453 prodere
1170 388 1356 451 furem,

99 487 385 548 Perfidiam,
421 488 637 545 fraudes,
674 499 826 552 atque
850 486 993 536 omni
1018 504 1081 537 ex
1104 488 1316 540 crimine
1341 492 1542 546 lucrum

97 584 393 651 Qaefitu'm,
431 597 479 634 et
501 597 667 650 partos
692 584 858 648 gladio
881 583 956 634 vel
980 583 1165 649 pyxide
1189 590 1464 641 nummos?
1563 607 1621 656 25

98 682 220 732 Rari
245 683 433 748 quippe
458 681 578 732 boni
597 706 611 740 ς
650 697 860 732 numero
885 682 967 731 vix
990 681 1102 734 sunt
1127 685 1357 745 totidem,
1393 700 1519 752 quot

99 777 399 829 Thebarum
425 790 598 843 portae,
634 777 711 828 vel
734 778 899 829 divitis
923 778 1044 829 ostia
1067 779 1197 831 Nili.

100 872 255 924 Nona
281 886 393 925 aetas
419 875 599 938 agitur,
635 871 902 938 pejoraque
922 873 1094 925 saecula
1116 874 1234 926 ferri

100 974 443 1042 Temporibus
464 997 478 1031 ;
515 990 735 1038 quorum
760 973 924 1023 sceleri
949 992 1049 1024 non
1074 975 1266 1027 invenit
1290 978 1392 1042 ipsa

99 1071 330 1130 Nomen,
366 1084 416 1122 et
440 1089 466 1120 a
488 1069 627 1120 nullo
648 1070 810 1136 posuit
835 1084 1010 1122 natura
1033 1074 1255 1125 metallo.
1562 1099 1626 1145 30

103 1169 214 1221 Nos
237 1168 505 1219 hominum
533 1168 828 1233 Divumque
852 1167 1007 1220 fidem
1030 1170 1250 1223 clamore
1272 1173 1480 1234 ciemuS,

107 1266 313 1333 Qnto
337 1263 609 1315 Feffidium
632 1263 800 1314 laudat
822 1264 1002 1316 vocalis
1030 1279 1265 1330 agentem

107 1362 356 1429 Sportula.
426 1361 526 1412 Dic
550 1360 711 1411 senior
736 1360 873 1412 bulla
899 1359 1199 1427 digniffime,
1236 1366 1389 1420 nescis

109 1460 250 1528 Qs
275 1459 459 1511 habeat
480 1475 680 1509 veneres
705 1458 863 1509 aliena
885 1460 1135 1525 pecunia?
1170 1463 1344 1524 nesciS,

97 1532 284 1628 ’Qem
308 1571 393 1610 tua
414 1556 700 1622 simplicitas
724 1556 877 1607 risum
903 1554 1056 1623 vulgo
1078 1573 1294 1622 moveat,
1330 1582 1451 1616 cum
1565 1586 1593 1632 3
1604 1586 1628 1634 5

109 1657 288 1723 Exigis
309 1675 336 1707 a
360 1675 619 1724 quoquam
645 1675 707 1708 ne
734 1657 938 1724 pejeret,
974 1671 1024 1710 et
1046 1673 1190 1726 putet
1215 1664 1326 1715 ullis

111 1753 224 1805 Effe
247 1754 450 1819 aliquod
469 1737 659 1805 numen
687 1755 906 1820 templis,
945 1752 1140 1823 araeque
1165 1760 1397 1813 rubenti?

114 1851 389 1921 Qondam
413 1850 512 1902 hoc
538 1851 784 1916 indigenae
805 1851 1037 1905 vivebant
1059 1874 1217 1917 more,
1251 1860 1388 1924 prius
1413 1881 1567 1928 quam

115 1954 346 2006 Sumeret
370 1951 628 2017 agrestem,
663 1951 820 2019 posito
844 1954 1143 2017 diademate,
1169 1956 1352 2012 falcem

114 2051 353 2100 Saturnus
377 2049 574 2114 fugiens
597 2069 608 2101 ε
646 2062 783 2109 tunc,
819 2069 937 2102 cum
962 2053 1258 2116 virguncula
1280 2058 1436 2122 Juno,

1566 2084 1632 2126 40

116 2146 185 2197 Et
208 2147 427 2211 privatus
442 2126 619 2196 vadhuc
642 2145 783 2197 Idaeis
806 2146 1006 2213 Jupiter
1029 2150 1200 2201 antris.

117 2242 276 2295 Nulla
300 2242 442 2308 super
463 2241 622 2292 nubes
646 2242 873 2292 convivia
897 2243 1274 2306 Coelicolarum‚

118 2339 231 2391 Nec
256 2357 378 2405 puer
400 2337 596 2397 Iliacus,
621 2337 836 2389 formosa
860 2357 952 2390 nec
977 2319 1214 2393 Herculis
1239 2363 1366 2396 uxor

121 2435 202 2487 Ad
227 2434 458 2500 cyathos;
495 2446 544 2483 et
560 2431 671 2498 jam
695 2434 872 2485 siccato
898 2438 1093 2487 nesta-re
1118 2450 1313 2504 tergens

95 2516 331 2583 *Brachia
354 2530 611 2580 Vuicanus
634 2531 856 2596 Liparaea
880 2531 1020 2597 nigra
1043 2533 1261 2586 taberna.
1574 2562 1637 2612 45

123 2629 401 2682 Prandebat
425 2629 512 2680 fibi
537 2629 747 2694 quisque
774 2630 932 2688 DeuS,
968 2649 1060 2681 nec
1085 2631 1230 2683 turba
1254 2635 1486 2688 Deorum

124 2725 280 2785 Talis,
318 2737 374 2775 ut
397 2724 464 2774 est
489 2723 661 2783 hodie5
699 2737 1034 2791 contentaque
1057 2727 1206 2778 sidera
1227 2733 1396 2794 paucis

1519 2831 1611 2883 Nu
