1941 3363
261 257 349 321 54
558 236 981 322 JUVENALIS
1029 234 1311 296 SATYRA
1407 243 1502 296 VI.

255 381 511 435 Maenades
536 398 548 431 ε
582 382 613 433 ὃ
637 391 852 446 quantus
876 390 998 430 tune
1020 379 1116 437 illis
1140 378 1394 432 mentibus
1417 378 1562 432 ardor

255 477 593 532 Concubitus!
630 495 740 542 quae
762 494 876 535 vox,
911 476 1114 535 saltante
1136 475 1369 533 libidine!
1404 487 1621 542 quantus

253 573 343 625 Ille
366 575 492 626 meri
509 574 683 623 veteris
707 590 795 637 per
817 590 960 623 crura
981 571 1233 623 madentia
1256 570 1473 630 torrens!

252 669 524 721 Lenonum
546 666 745 725 ancillas
767 665 922 731 pofita
945 665 1171 723 Laufella
1193 682 1379 723 corona

250 766 510 822 Provocat,
545 773 597 812 et
621 761 750 817 tollit
771 759 1031 827 pendentis
1054 761 1259 827 praemia
1279 777 1446 812 coxae:
1507 794 1509 797 .
1654 775 1752 826 320

247 861 358 927 Ipse
382 860 675 915 Medullinae
700 858 908 915 frictum
930 859 1166 917 crissantis
1190 859 1375 917 adorat.

248 957 480 1009 Palmam
499 957 627 1012 inter
650 955 876 1013 dominas
897 956 1049 1012 virtus
1073 954 1319 1013 natalibus
1341 965 1521 1021 aequat.

247 1053 341 1106 Nil
362 1055 433 1105 ibi
450 1071 537 1120 per
559 1052 740 1108 ludum
759 1051 1067 1111 simulabitur
1073 1076 1089 1112 3
1115 1052 1285 1111 omnia
1308 1050 1432 1102 fient

246 1151 332 1204 Ad
356 1168 548 1210 verum,
573 1148 754 1215 quibus
776 1147 979 1200 incendi
993 1146 1104 1214 jam
1127 1146 1337 1213 frigidus
1360 1164 1464 1206 aevo

249 1246 719 1305 Laomedontiade8‚
754 1257 804 1297 et
825 1244 1051 1305 Nestoris
1074 1243 1267 1304 hernia,
1293 1243 1455 1310 poffit.
1656 1258 1717 1307 32
1725 1258 1751 1307 ς

251 1345 405 1396 Tunc
429 1344 634 1410 prurigo
656 1360 810 1395 morae
831 1342 1098 1408 impatiens
1120 1361 1133 1393 :
1171 1353 1293 1393 tunc
1317 1340 1531 1400 foemina
1553 1337 1782 1405 simplex,

246 1443 320 1495 Et
341 1443 523 1509 pariter
547 1453 655 1493 toto
678 1440 915 1506 repetitur
937 1439 1128 1493 clamor
1150 1439 1212 1495 ab
1236 1450 1395 1493 antrO.

247 1539 366 1606 Jam
391 1539 469 1591 fas,
488 1538 573 1598 est,
609 1537 820 1589 admitte
841 1537 989 1588 viros.
1049 1537 1165 1602 Jam
1189 1535 1376 1591 dormit
1399 1534 1626 1588 adulter?

245 1638 500 1706 Illajubet
524 1636 722 1701 sumpto
736 1634 978 1703 juvenem
999 1653 1262 1702 properare
1284 1634 1503 1689 cucullo.

248 1735 300 1787 Si
323 1734 449 1787 nihil
474 1734 559 1794 est,
596 1733 740 1785 servis
765 1733 1063 1785 incurritur:
1100 1731 1351 1784 abstuleris
1373 1732 1513 1798 spem
1654 1749 1753 1801 330

243 1835 526 1894 Servorum,
559 1834 726 1885 veniet
749 1833 1024 1884 conductus
1051 1833 1305 1899 aquarius:
1339 1832 1424 1884 hic
1446 1832 1483 1884 fi

246 1933 517 2004 Qaeritur,
552 1944 603 1982 et
626 1931 800 1982 desunt
819 1930 1051 1981 homines
1059 1953 1075 1989 3
1112 1947 1254 1980 mora
1276 1928 1412 1981 nulla
1432 1946 1521 1994 per
1543 1927 1718 1996 ipsam,

249 2028 369 2096 Q
394 2028 561 2078 minus
584 2027 816 2093 impofito
839 2026 1044 2078 clunem
1069 2025 1328 2079 submittat
1353 2024 1514 2078 asello.

248 2126 420 2191 Atque
445 2126 642 2176 utinam
665 2125 786 2176 ritus
809 2136 1013 2184 vetereS,
1049 2137 1098 2175 et
1124 2124 1328 2189 publica
1350 2123 1525 2176 saltem

244 2221 345 2272 His
371 2222 555 2273 intacta
579 2222 720 2272 malis
745 2234 1009 2286 agerentur
1032 2221 1190 2273 sacra:
1228 2221 1311 2272 sed
1331 2239 1506 2272 omnes
1652 2239 1680 2286 3
1687 2238 1716 2286 3
1723 2237 1748 2288 5

243 2316 509 2368 Noverunt
534 2317 722 2376 Mauri,
759 2331 908 2383 atque
933 2317 1064 2377 Indi,
1100 2336 1211 2383 quae
1236 2317 1433 2384 psaltria
1455 2334 1639 2382 penem

243 2413 515 2481 Majorem,
552 2433 703 2480 quam
730 2415 822 2465 fint
846 2416 947 2466 duo
971 2415 1172 2466 Caesaris
1195 2416 1543 2474 Anticatones,

241 2511 386 2571 Illuc,
421 2510 632 2561 testiculi
657 2509 744 2560 fibi
770 2510 995 2562 conscius
1019 2510 1150 2562 unde
1174 2510 1306 2576 fugit
1328 2529 1459 2571 muS,

239 2606 493 2665 Intulerit,
529 2605 619 2656 ubi
641 2606 792 2657 velari·
814 2607 1009 2673 pictura
1021 2604 1249 2671 jubetur,

241 2702 571 2773 Qaecunque
593 2701 792 2761 alterius
815 2702 956 2754 sexus
977 2702 1174 2758 imitata
1194 2702 1408 2769 figuram
1431 2703 1518 2756 est.
1649 2719 1749 2768 340
