1941 3363
363 224 800 312 JquNALrs
871 226 1276 292 SATYRAX.
1473 253 1599 317 109

87 367 320 421 Dedecus
345 370 428 422 ille
451 371 633 423 domus
658 372 775 423 sciet
801 373 1030 425 ultimus,
1098 375 1294 427 Interea
1317 388 1372 428 tu

88 465 373 531 Obsequere
396 467 627 532 imperio,
664 468 696 518 s1
723 469 847 518 tanti
874 468 942 519 est
967 470 1067 520 vita
1090 469 1289 523 dierum

0 605 1 624 ,
84 565 385 616 Paucorum.
456 565 715 633 chuid
736 565 892 617 levius
927 565 1204 632 meliusque
1226 570 1437 635 putaris,

0 639 1 644 ¹
84 660 354 713 Praebenda
379 662 447 713 est
471 662 638 727 gladio
659 663 830 728 pulcra
853 662 959 714 haec
981 676 1031 715 et
1054 664 1263 717 candida
1285 669 1469 721 cervix.

83 753 176 808 Nil
200 775 320 823 ergo
343 757 591 822 optabunt
613 756 881 808 homines?
916 757 949 808 fi
974 758 1237 811 confilium
1261 762 1349 823 vis,
1501 770 1598 831 346

83 854 353 906 Permittes
379 853 491 919 ipfis
511 854 788 919 expendere
812 853 1123 916 numinibUS,
1160 859 1282 923 quid

83 952 363 1005 Conveniat
385 951 545 1009 nobis,
582 950 825 1016 rebusque
849 952 907 1002 fit
931 952 1054 1003 utile
1078 953 1272 1007 nostris.

81 1047 224 1099 Nam
246 1065 337 1113 pro
354 1045 594 1112 jucundis
619 1045 866 1112 aptiffima
890 1066 1102 1114 quaeque
1127 1049 1318 1104 dabunt
1341 1054 1430 1106 Di.

80 1146 259 1196 Carior
282 1143 353 1194 est
374 1142 469 1194 illis
494 1141 669 1203 hom0,
705 1161 861 1209 quam
881 1144 987 1195 fibi.
1055 1144 1185 1206 Nos,
1222 1151 1509 1204 animorum

79 1239 323 1306 ImpulsU‚
359 1252 408 1291 et
429 1257 560 1290 caeca
582 1257 864 1305 magnaque
884 1241 1122 1306 cupidine
1144 1243 1301 1304 ducti,
1498 1268 1526 1316 3
1536 1268 1587 1316 51

76 1335 391 1404 Conjugium
414 1335 650 1401 petimus,
687 1349 992 1402 partumque
1014 1339 1208 1390 uxoris:
1245 1352 1295 1391 at
1316 1341 1413 1395 illis

79 1432 301 1489 Notum,
336 1432 424 1497 qui
449 1431 609 1497 pueri,
644 1431 902 1497 qualisque
926 1431 1097 1484 futura
1117 1434 1174 1485 fit
1198 1454 1341 1488 uxor.

78 1526 154 1577 Ut
179 1539 346 1577 tamen
371 1539 421 1577 et
441 1525 610 1592 poscas
636 1526 843 1592 aliquid,
879 1528 1150 1593 voveasque
1173 1529 1356 1583 sacellis

75 1620 228 1680 Exta,
264 1632 315 1671 et
340 1619 593 1671 candiduli
616 1620 782 1670 divina
803 1620 1053 1672 tomacula
1078 1623 1246 1687 porci,
1496 1646 1524 1692 3
1534 1645 1590 1695 55

79 1716 347 1767 Orandum
370 1714 455 1774 est,
483 1728 540 1765 ut
561 1714 617 1766 fit
643 1732 784 1765 mens
810 1714 921 1765 sana
943 1715 996 1765 in
1020 1734 1226 1782 corpore
1251 1718 1384 1770 sano.

76 1813 287 1863 Fortem
310 1810 454 1877 posce
479 1810 727 1871 animum,
764 1823 813 1861 et
836 1812 1011 1862 mortis
1035 1823 1219 1864 terrore
1241 1828 1496 1868 carentem
1509 1842 1525 1876 ;

78 1911 186 1980 Q
206 1909 420 1975 spatium
445 1909 557 1959 vitae
582 1921 867 1960 extremum
890 1909 1020 1960 inter
1042 1928 1252 1961 munera
1274 1927 1429 1977 ponat

75 2007 306 2067 Naturae,
343 2006 431 2072 qui
455 2005 582 2057 ferre
609 2018 756 2072 queat
780 2007 1105 2072 quoscunque
1126 2008 1316 2062 labores
1331 2034 1347 2069 ;

74 2101 278 2153 Nesciat
299 2101 453 2161 irasci,
488 2103 658 2168 cupiat
683 2101 841 2161 nihil,
879 2114 928 2153 et
950 2103 1169 2168 potiores
1496 2115 1591 2174 360

75 2200 312 2251 Herculis
337 2218 582 2250 aerumnas
606 2200 792 2260 credat,
828 2200 1075 2265 saevosque
1098 2200 1307 2263 labores,

73 2295 143 2349 Et
165 2295 378 2353 Venere,
414 2307 463 2345 et
486 2295 659 2355 coenis,
687 2308 737 2346 et
761 2294 946 2360 plumis
972 2295 1303 2362 Sardanapali.

74 2391 306 2445 Monstro
332 2393 468 2458 quod
493 2393 593 2458 ipse
619 2393 710 2444 tibi
736 2392 881 2458 poffis
908 2392 1049 2451 dare;
1085 2392 1259 2445 semita
1281 2408 1414 2448 certe

73 2489 387 2554 Tranquillae
411 2507 498 2554 per
518 2489 760 2539 virtutem
786 2500 922 2554 patet
949 2491 1095 2541 unica
1120 2493 1248 2544 vitae.

72 2583 292 2634 Nullum
318 2601 506 2634 numen
531 2582 702 2643 habes,
739 2584 772 2635 fi
797 2584 853 2634 sit
877 2584 1140 2649 prudentia
1155 2610 1170 2645 ς
1205 2587 1284 2638 sed
1310 2601 1359 2639 te
1492 2594 1585 2655 365

72 2679 182 2731 Nos
206 2678 433 2739 facimuS,
470 2671 708 2740 Fortuna,
746 2681 929 2739 Deam,
965 2682 1195 2749 coeloque
1218 2683 1461 2736 locamuS.

1444 2786 1585 2845 SA-
