1941 3363
259 255 387 315 1²34
571 238 1006 323 Jov‘ENAms
1056 240 1330 301 SATYRA
1363 250 1510 302 XIV.

168 413 173 417 -
250 376 491 428 Nominis
517 374 656 428 invisi
675 402 688 437 5
726 378 1032 445 tandemque
1056 378 1274 431 fatebere
1295 379 1436 431 laetus

250 471 366 525 Nec'
388 474 609 534 surdum,
643 491 735 526 nec
758 474 1019 534 Tiresiam,
1054 492 1346 542 quenquam
1369 475 1461 527 effe
1485 468 1734 528 Deorum.

689 730 1139 794 SATYRA
1190 733 1358 796 XIV.

352 885 564 937 Lurima
584 882 713 944 sunt,
747 883 977 944 Fuschxe,
1011 896 1062 935 et
1084 882 1220 935 fama
1242 884 1395 949 digna
1417 885 1619 947 finistra,

383 982 452 1033 Et
474 981 645 1032 nitidis
669 979 925 1031 maculam
949 997 1005 1030 ae
1028 996 1207 1042 rugam
1226 978 1431 1046 figentia
1451 981 1616 1040 rebus,

249 1071 379 1149 Qae
404 1055 682 1130 monstrant
705 1077 792 1142 ipsi
812 1076 976 1142 pueris
1001 1075 1308 1142 traduntque
1329 1089 1574 1143 parentes,

249 1177 300 1227 Si
324 1175 557 1226 damnosa
577 1173 745 1224 senem
761 1169 904 1236 juvat
926 1170 1047 1230 alea,
1081 1169 1211 1221 ludit
1233 1182 1283 1222 et
1305 1169 1461 1223 haeres

245 1275 491 1333 Bullatus,
526 1288 780 1338 parvoque
806 1269 981 1320 eadem
1004 1281 1174 1321 movet
1195 1288 1334 1320 arma
1354 1269 1549 1322 fritillo.
1739 1281 1741 1283 ’
1750 1288 1777 1338 5

245 1372 362 1424 Nec
386 1371 447 1444 de
470 1370 516 1420 se
536 1368 715 1419 melius
739 1369 979 1433 cuiquam
1000 1366 1188 1433 sperare
1211 1367 1494 1433 propinquo

249 1469 508 1523 Concedet
525 1465 739 1534 juvenis,
773 1465 859 1528 qui
882 1465 1048 1516 radere
1071 1465 1247 1516 tubera
1271 1477 1430 1525 terrae,

249 1570 488 1621 Boletum
508 1543 729 1624 condire,
767 1579 816 1615 et
840 1562 1144 1629 eodemjure
1170 1575 1394 1615 natantes

248 1668 487 1731 Mergere
511 1663 744 1715 ficedulas
769 1661 960 1722 didicit,
995 1661 1245 1712 nebulone
1270 1672 1488 1726 parente,

248 1765 320 1815 Et
343 1781 467 1815 cana
493 1759 798 1813 monstrante
823 1758 954 1823 gula.
1024 1759 1161 1808 Cum
1186 1758 1425 1823 septimus
1450 1776 1607 1810 annus
1711 1770 1768 1810 1⁷0

247 1864 523 1918 Transierit
546 1879 779 1928 puerum,
815 1858 1045 1910 nondum
1071 1858 1211 1909 omni
1233 1858 1381 1909 dente
1409 1870 1596 1918 renam,

249 1965 486 2017 Barbatos
510 1963 628 2014 licet
647 1960 907 2012 admoveas
931 1958 1071 2010 mille
1092 1957 1207 2009 inde
1230 1957 1508 2022 magistr03‚

248 2050 391 2114 Hinc
418 2061 647 2118 totidem,
683 2057 854 2122 cupiet
876 2055 1013 2107 lauto
1037 2072 1233 2106 eoenare
1255 2067 1431 2120 paratu

253 2163 477 2227 Semper,
515 2169 564 2208 et
589 2175 616 2207 a
637 2172 821 2220 magna
842 2171 942 2203 non
969 2151 1265 2217 degenerare
1287 2150 1471 2202 culina.

248 2255 441 2307 Mitem
467 2252 713 2307 animum,
749 2259 799 2298 et
823 2263 984 2297 mores
1008 2244 1221 2295 modicis
1244 2241 1488 2294 erroribus
1513 2262 1679 2309 aequos
1710 2268 1726 2297 1
1742 2265 1767 2313 ς

250 2338 502 2417 Praecipit,
538 2360 686 2413 atque
710 2345 904 2396 animos
929 2343 1199 2400 servorum,
1236 2352 1284 2390 et
1304 2357 1509 2404 corpora
1532 2341 1696 2392 nostra

252 2446 471 2501 Materia
495 2442 713 2495 constare
738 2450 900 2505 putat,
937 2435 1232 2502 paribusque
1257 2434 1518 2485 elementis-
1532 2458 1547 2494 ς

254 2548 340 2598 An
366 2542 526 2594 saevire
550 2540 694 2590 docet
719 2535 942 2593 Rutilus,
978 2534 1069 2599 qui
1091 2531 1275 2597 gaudet
1298 2528 1476 2582 acerbo

251 2642 523 2706 Plagarum
545 2634 768 2699 strepitu,
805 2642 854 2682 et
875 2629 1065 2681 nullam
1091 2628 1259 2678 Sirena
1280 2626 1485 2693 flagellis

255 2739 547 2806 comparat,
565 2728 869 2797 Antiphates
888 2724 1071 2793 trepidi
1083 2724 1214 2785 lari8‚
1234 2741 1289 2777 ac
1306 2722 1648 2793 Polyphemus
1667 2723 1686 2771 ?
1705 2740 1766 2774 20

1624 2818 1770 2874 -Tum
