1941 3363
725 186 1143 259 NOTAE.
1570 213 1697 282 207

752 347 801 396 A
817 345 868 396 D
922 345 952 395 S
971 345 1095 396 AT.
1156 345 1249 396 IV.
1317 390 1320 396 .

241 430 361 489 Ver.
382 441 457 489 16.
493 437 927 505 AEquantemsane.
948 437 1067 488 Hoc
1083 436 1261 503 friget:
1278 436 1408 489 forte
1420 437 1695 503 legendum

175 531 354 599 infime,
393 536 494 587 hoc
533 535 621 595 est,
662 534 834 585 insano
868 535 1046 598 pretio,
1106 534 1187 585 Sic
1220 533 1402 597 instznia
1434 536 1698 598 menstzrum

174 631 310 697 apud
334 630 465 682 Plin.
506 630 576 681 est
603 629 761 681 insani
786 630 1032 693 sumptuS,
1070 647 1196 695 quos
1228 628 1421 684 faciunt
1454 630 1506 681 in
1529 632 1695 684 citreis

175 727 358 778 menfis
383 728 627 780 emendis.
665 730 839 780 Graev.

243 840 324 887 33.
361 823 411 874 F
410 824 551 874 rafft'a
572 821 627 874 de
648 841 812 874 merce.
848 820 973 872 Non
994 819 1206 886 integra,
1224 820 1305 873 sed
1319 840 1446 888 quos
1465 825 1693 876 minuta·

173 918 273 969 tim
296 918 529 970 venderet
552 936 692 969 more
718 917 935 969 viliffimi
960 918 1146 968 cetarii.
1183 919 1386 971 Britan.

241 1017 324 1078 36.
360 1013 521 1077 Prosit
541 1011 696 1083 dixff
718 1012 916 1078 puellas.
978 1012 1106 1083 Qae
1129 1012 1314 1065 debent
1337 1013 1430 1065 effe
1453 1033 1595 1067 anus.

239 1113 324 1168 48.
358 1106 579 1172 Disperst
579 1107 806 1172 protinus
827 1106 965 1170 algae.
1014 1107 1150 1170 Alga
1172 1125 1266 1173 pro
1289 1108 1433 1159 litore
1455 1110 1577 1174 poni
1596 1110 1692 1176 Ju⁴

174 1204 310 1256 daeus
334 1203 517 1268 Apella
539 1202 724 1262 credat,
750 1220 851 1253 non
876 1220 988 1268 ego.
1037 1204 1228 1254 Censeo
1253 1202 1574 1257 scribendum
1594 1206 1699 1257 alni

172 1300 479 1366 inquisitores,
521 1298 621 1351 hoc
645 1299 716 1350 est
746 1300 956 1350 navium
987 1298 1370 1365 naufragrarum
1389 1312 1438 1350 et
1457 1301 1692 1366 dispersa-

175 1414 293 1448 rum
314 1397 647 1464 inquifitore8‚
677 1395 848 1462 quales
871 1408 1011 1447 erant
1035 1394 1282 1447 Palfurius
1307 1408 1357 1447 et
1380 1396 1697 1448 Armillatus„

178 1491 365 1543 Graev.

174 1603 178 1608 ’
243 1605 321 1654 57.
358 1589 667 1657 Qartanam
670 1583 998 1651 sperantibus.
1037 1584 1350 1651 Sperantibus
1365 1604 1457 1652 pro
1480 1585 1691 1639 timenti-

172 1683 260 1736 bus
282 1684 536 1749 accipiunt
559 1700 754 1734 omneS.
795 1682 1013 1734 Mallem
1036 1695 1204 1735 autem
1226 1701 1474 1750 exponere
1478 1684 1690 1749 speran—

172 1779 261 1832 bus
284 1780 485 1847 propria
508 1779 646 1830 verbi
662 1777 1038 1844 fignificatione.
1069 1779 1266 1830 Scimus
1290 1779 1428 1830 enim
1449 1779 1692 1845 scriptum

175 1880 271 1931 effe
295 1900 322 1932 a
349 1879 472 1943 Celso
499 1890 795 1944 quartanam
825 1877 1084 1928 neminem
1099 1875 1349 1942 jugulare,
1392 1890 1441 1928 et
1464 1877 1691 1942 plerum-

175 1995 278 2043 que
300 1976 425 2035 fieri,
457 1988 512 2027 ut
537 1986 832 2041 aegrotantes
858 1975 1066 2040 cupiant
1089 1973 1295 2033 febrim,
1326 1992 1481 2039 quam
1504 1974 1691 2024 cotidie

175 2073 455 2138 patiuntur,
496 2071 549 2122 in
574 2081 872 2136 quartanam
907 2069 1229 2120 commutari.
1276 2069 1450 2134 Itaque
1485 2081 1692 2119 autum-

176 2168 280 2220 nali
324 2181 554 2233 tempore
571 2166 797 2230 sperant,
846 2181 949 2229 quo
985 2163 1042 2214 fit
1076 2163 1299 2215 febrium
1332 2164 1685 2216 commutatio,

176 2267 464 2319 Ptolomaeus
485 2261 710 2316 Flavius.

240 2367 322 2428 69.
358 2360 492 2431 Qid
507 2354 756 2425 apertius?
790 2365 836 2405 et
859 2364 1017 2405 tamen
1041 2353 1113 2405 illi
1114 2354 1387 2418 fitrgebant
1407 2354 1573 2417 cristae.

177 2460 319 2529 Qd
353 2454 664 2511 manifestius
690 2450 782 2502 effe
812 2449 970 2516 potest
1000 2469 1156 2516 quam
1187 2452 1327 2503 hunc
1362 2453 1547 2519 piscem
1582 2454 1691 2520 capi

176 2556 399 2615 voluisse,
435 2568 492 2606 ut
516 2571 546 2604 a
581 2564 631 2602 te
665 2547 1044 2600 comederetur?
1086 2549 1153 2599 Et
1180 2563 1350 2600 tamen
1377 2550 1449 2600 illi
1471 2550 1689 2600 rhombo

175 2653 333 2706 cristae
354 2649 430 2704 vel
455 2649 622 2715 pinnae
645 2645 697 2697 in
723 2656 865 2708 tergo
884 2641 1203 2707 insurgebant
1222 2662 1323 2709 prae
1348 2643 1690 2707 indignatione

1553 2740 1690 2805 quod
