1941 3363
242 260 377 327 v11⁴6
574 255 991 354 JUvENAms
1041 273 1318 335 SATYRA
1370 263 1466 335 ΧΪ.

242 409 525 478 Qsquam
551 414 661 473 erit,
688 426 738 466 et
763 433 968 481 magno,
1021 419 1158 469 Cum
1182 420 1369 485 posceS,
1396 421 1540 487 posce
1563 404 1762 475 Latine.

239 503 386 558 Idem
409 507 612 562 habitus
637 513 850 572 cunctiS,
887 513 1031 574 tonfi,
1068 516 1291 582 rectique
1316 518 1499 581 capilli,
1743 519 1753 595 J

239 603 417 670 Atque
439 605 590 659 hodie
613 619 818 661 tantum
841 624 1044 678 propter
1067 614 1294 666 convivia
1316 617 1450 682 pexi.
1676 619 1766 682 130

239 698 451 753 Pastoris
474 702 587 754 duri
611 703 680 755 est
699 704 784 757 hic
808 704 956 766 filius,
993 708 1074 758 ille
1098 707 1305 762 bubulci
1325 730 1339 762 ε

241 796 464 863 Suspirat
485 800 639 867 longo
664 821 768 854 non
794 805 948 856 visam
973 813 1201 872 tempore
1225 821 1461 869 matrem,

241 892 311 945 Et
334 896 569 959 casulam,
604 912 654 951 et
676 915 820 954 notos
847 904 992 955 tristis
1009 905 1254 958 'de'fiderat
1276 906 1482 959 hoedos:

241 993 458 1059 Ingenui
483 1000 649 1052 vultus
673 1020 799 1068 puer
820 1005 1128 1071 ingenuique
1150 1006 1373 1071 pudoriS,

224 1088 432 1161 ''Qles
455 1096 548 1148 effe
574 1098 734 1160 decet,
770 1084 894 1167 ques
921 1103 1095 1153 ardens
1119 1122 1342 1170 purpura
1364 1105 1523 1157 vestit.
1676 1110 1764 1181 153

243 1189 359 1242 Nec
382 1196 650 1260 pugillares
676 1198 837 1250 defert
859 1201 911 1251 in
934 1200 1110 1252 balnea
1134 1220 1311 1254 raucus

243 1285 542 1352 Testiculos,
579 1296 673 1345 nec
699 1296 948 1348 vellendas
963 1293 1073 1364 jam
1096 1297 1308 1363 praebuit
1332 1297 1462 1349 alas:

245 1387 413 1463 Craffa
433 1410 527 1443 nec
552 1395 779 1460 opposito
801 1397 1007 1461 pavidus
1033 1398 1159 1463 tegit
1183 1398 1393 1463 inguina
1415 1405 1579 1465 gutto.

242 1485 349 1539 Hic
373 1489 466 1541 tibi
490 1491 603 1542 vina
626 1493 765 1543 dabit
789 1494 965 1546 diffusa
989 1497 1039 1546 in
1064 1496 1322 1548 montibus
1348 1497 1443 1548 illis

246 1583 298 1633 A
323 1584 507 1649 quibus
533 1587 633 1652 ipse
655 1589 806 1647 venit,
846 1609 1066 1655 quorum
1089 1591 1177 1641 sub
1201 1591 1385 1642 vertice
1406 1591 1543 1643 lusit:
1685 1586 1776 1642 160

240 1679 485 1748 Namque
509 1703 608 1735 una
632 1698 779 1751 atque
804 1687 977 1738 eadem
1002 1689 1104 1738 vini
1129 1689 1303 1753 patria,
1343 1701 1490 1754 atque
1517 1690 1748 1742 ministri.

241 1777 467 1829 Forsitan
490 1780 756 1845 exspectes,
793 1796 848 1833 ut
873 1784 1125 1834 Gaditana
1144 1803 1327 1835 canoro

241 1871 456 1937 Incipiat
480 1877 673 1940 prurire
699 1877 870 1938 choro,
908 1879 1177 1945 plausuque
1200 1875 1419 1945 pro'batae

221 1967 328 2017 ‘Ad
355 1971 537 2019 terram
560 1971 778 2022 tremuio
803 1972 1099 2025 descendant
1123 1974 1270 2025 clune
1292 1974 1493 2040 puellam

240 2064 624 2115 Irritamentum
648 2068 835 2118 veneris
863 2068 1166 2134 languentis,
1203 2083 1252 2121 et
1277 2089 1409 2121 acres
1672 2068 1761 2140 165

243 2159 434 2212 Divitis
459 2160 630 2211 urticae
653 2181 663 2211 :
701 2161 860 2228 major
884 2176 1051 2214 tamen
1078 2164 1166 2215 ista
1190 2165 1418 2231 voluptas
1760 2153 1763 2155 .

243 2255 466 2306 Alterius
490 2235 661 2313 seX1153
709 2257 870 2321 magis
894 2257 978 2308 ille
1002 2259 1321 2317 extenditur3
1358 2275 1407 2311 et
1434 2280 1556 2314 mox

240 2350 465 2401 Auribus
491 2363 640 2415 atque
665 2351 821 2402 oculis
844 2367 1087 2419 concepta
1112 2355 1252 2406 urina
1275 2347 1522 2408 mevetur.

239 2448 364 2500 Non
389 2449 524 2515 capit
547 2448 634 2500 has
661 2468 815 2514 nugas
840 2451 1047 2504 humilis
1071 2454 1250 2506 domus
1271 2475 1283 2506 ε
1321 2457 1486 2508 audiat
1505 2458 1590 2509 ille

223 2530 505 2598 ¹'festarum
529 2548 743 2613 crepitus
768 2568 887 2601 cum
914 2551 1092 2610 verbis,
1129 2553 1323 2604 nudum
1349 2555 1484 2606 olido
1509 2556 1638 2608 stans
1668 2572 1759 2623 170

238 2646 452 2697 Fornice
478 2647 793 2712 mancipium
818 2649 1000 2713 quibus
1026 2649 1266 2702 abstinet:
1306 2652 1388 2703 ille
1417 2652 1614 2706 fruatur

232 2743 458 2808 Yocibus
485 2743 744 2803 obsccenis²
781 2747 1022 2811 omnique
1048 2747 1267 2800 ‘libidinis
1296 2763 1413 2811 arte,
