1941 3363
286 299 377 364 94
599 276 1035 362 JUVENALrs
1084 271 1358 333 SATYRA
1391 278 1488 332 IX.

279 420 586 471 Contemnas
607 434 619 466 ε
656 431 776 465 nam
800 412 975 475 lingua
995 408 1117 460 mali
1138 427 1249 474 pars
1273 407 1481 476 peffima
1500 406 1635 460 servi.
1694 425 1783 460 120

276 515 511 567 Deterior
534 524 704 562 tamen
726 507 827 567 hic,
865 507 956 573 qui
976 505 1103 556 liber
1124 522 1227 556 non
1251 505 1362 563 erit,
1396 504 1511 563 illis,

278 612 515 678 Qrum
539 607 727 658 animas
751 616 801 655 et
823 601 951 654 farre
973 600 1060 652 suo
1082 600 1311 660 custodit,
1346 611 1397 652 et
1419 618 1526 651 aere.

276 707 472 760 Idcirco
498 717 553 756 ut
576 702 756 771 poffim
777 701 1009 766 linguam
1031 710 1354 752 contemnere
1375 698 1512 758 servi,

275 803 419 856 Utile
443 801 706 854 confilium
727 796 898 856 mode,
935 796 1017 848 sed
1038 813 1330 856 commune,
1366 794 1572 847 dedisti:

273 896 433 949 Nunc
448 893 580 946 mihi
598 891 722 959 quid
742 888 911 942 suades
935 888 1044 954 post
1062 889 1310 940 damnum
1332 888 1589 956 temporiS‚
1611 899 1661 940 et
1678 886 1784 955 spes

273 989 558 1058 Deceptas?
594 987 793 1040 festinat
817 985 954 1037 enim
978 985 1238 1036 decurrere
1259 983 1407 1036 velox
1693 986 1783 1035 126

271 1086 530 1139 Flosculus
557 1082 773 1148 angustae
796 1081 1086 1147 miseraeque
1105 1079 1385 1132 breviffima
1405 1079 1519 1132 vitae

272 1183 478 1242 Portio;
515 1181 639 1232 dum
661 1178 900 1237 bibimus,
936 1176 1062 1228 dum
1085 1175 1222 1236 serta,
1257 1190 1530 1241 unguenta,
1565 1174 1755 1241 puellas

274 1278 553 1338 PoscimuS‚
586 1274 782 1341 obrepit
804 1291 908 1325 non
931 1272 1182 1324 intelleeta
1204 1271 1441 1324 senectus.

273 1373 360 1425 Ne
379 1371 600 1438 trepida:
625 1387 889 1435 nunquam
913 1366 1142 1434 pathicus
1160 1367 1254 1419 tibi
1275 1367 1432 1420 deerit
1456 1368 1668 1429 amicu8,
1697 1385 1786 1434 130

276 1469 531 1523 Stantibus
556 1480 606 1520 et
627 1467 766 1520 salvis
788 1466 868 1519 his
890 1466 1119 1519 collibus·
1187 1466 1429 1532 Undique
1452 1466 1514 1517 ad
1538 1467 1648 1518 illos

275 1567 618 1625 Conveniunt,
653 1575 703 1616 et
727 1564 976 1630 carpentis
997 1574 1048 1614 et
1068 1561 1297 1622 navibUS‚
1333 1580 1529 1623 omneS,

278 1666 387 1732 Q
408 1665 568 1729 digito
590 1662 816 1729 scalpunt
841 1679 944 1713 uno
966 1672 1134 1726 caput.
1202 1659 1375 1712 Altera
1397 1659 1559 1728 major

276 1763 396 1828 Spes
419 1759 662 1826 superest:
699 1770 754 1809 tu
779 1768 976 1809 tantum
999 1757 1158 1808 erucis
1182 1756 1421 1822 imprime
1443 1756 1666 1810 dentem.

276 1857 404 1910 Haec
430 1856 662 1922 exempla
684 1873 801 1921 para
820 1853 1050 1906 felicibus
1070 1873 1083 1905 ε
1119 1865 1168 1904 at
1190 1871 1305 1904 mea
1327 1853 1517 1905 Clotho
1697 1870 1785 1920 135

274 1954 345 2006 Et
369 1950 596 2004 Lachefis
621 1951 860 2016 gaudent,
894 1950 929 2001 fi
951 1949 1165 2014 pascitur
1188 1948 1398 2013 inguine
1422 1960 1609 2001 venter.

278 2050 330 2100 O
355 2049 512 2116 parvi,
547 2047 799 2113 nostrique
817 2046 958 2106 lares,
995 2064 1121 2112 quos
1146 2045 1297 2097 thure
1318 2046 1537 2103 minum,

276 2147 387 2198 Aut
412 2144 556 2205 farre,
591 2158 640 2195 et
666 2144 803 2195 tenui
829 2143 958 2195 soleo
975 2160 1176 2194 exorare
1198 2160 1399 2202 corona,

278 2242 501 2310 Qndo
526 2258 620 2304 ego
643 2239 798 2304 figam
821 2238 1028 2304 aliquid,
1065 2255 1168 2304 quo
1189 2222 1400 2289 fit'mihi
1424 2249 1531 2290 tuta
1551 2237 1771 2290 senestus

280 2338 329 2388 A
353 2347 516 2401 tegete
539 2348 589 2387 et
613 2334 826 2386 baculo?
862 2334 1042 2400 viginti
1061 2332 1222 2384 millia
1243 2332 1426 2393 foenu8‚
1699 2351 1790 2394 140

279 2431 577 2497 Pignoribus
599 2431 783 2496 positis,
818 2432 1010 2496 argenti
1033 2430 1223 2482 vascula
1242 2430 1375 2496 puri,

282 2528 377 2580 Sed
400 2547 512 2594 quae
537 2527 794 2578 Fabricius
818 2526 987 2578 censor
1011 2538 1169 2587 notet,
1203 2538 1253 2578 et
1276 2526 1376 2577 duo
1398 2524 1551 2578 fortes

281 2625 364 2676 De
387 2641 538 2688 grege
563 2623 861 2682 Moesorum,
896 2623 987 2688 qui
1010 2642 1092 2674 me
1115 2623 1304 2674 cervice
1322 2622 1482 2674 locata

285 2717 752 2785 Securunijubeant
776 2717 990 2769 clamoso
1015 2716 1225 2768 insistere
1249 2714 1431 2768 Circo?

1713 2811 1787 2862 Sit
