1941 3363
278 203 357 247 12
605 183 1028 268 JUVENALrs
1076 184 1352 248 SATYRA
1387 196 1456 246 II.

269 329 523 384 Attollens
546 330 718 382 oculos
739 349 752 382 z
790 330 948 381 vitreo
970 329 1100 381 bibit
1122 331 1204 382 ille
1227 332 1424 398 Priap0,
1716 351 1743 398 9
1751 350 1776 397 5

267 429 664 494 Reticulumque
688 427 849 478 cornis
870 402 1101 479 auratum
1115 429 1404 494 ingentibus
1435 429 1615 495 implet

269 527 496 578 Caerulea
519 526 725 576 indutus
745 523 1003 584 scutulata,
1028 537 1111 576 aut
1134 526 1335 590 galbina
1361 527 1461 578 rasa
1473 550 1490 586 5

267 624 340 675 Et
358 642 447 690 per
461 624 718 688 Junonem
743 620 1151 687 dominijurante
1176 624 1420 676 ministro.

265 722 358 774 Ille
379 733 516 773 tenet
537 721 798 787 speculum
823 719 1013 785 pathici
1035 721 1289 786 gestamen
1317 722 1555 781 OthoniS,

263 820 465 874 ACtoris
491 819 720 870 Aurunci
742 818 955 884 spolium
964 841 979 877 3
1005 836 1106 883 quo
1129 819 1174 869 se
1197 818 1279 870 ille
1302 818 1502 870 videbat
1688 835 1778 870 100

263 920 560 977 Armatum,
583 935 704 968 cum
719 914 829 982 jam
854 916 965 967 tolli
989 915 1398 982 vexillajuberet.

263 1017 368 1068 Res
393 1014 725 1067 memoranda
746 1014 886 1066 novis
912 1014 1191 1074 annalibus,
1221 1027 1370 1080 atque
1394 1014 1581 1065 recenti

262 1112 507 1172 Historia,
530 1111 791 1178 speculum
812 1109 969 1161 civilis
990 1110 1175 1161 sarcina
1197 1111 1331 1162 belli.

262 1212 533 1265 Nimirum
556 1211 740 1262 summi
754 1210 893 1262 ducis
918 1209 987 1261 est
1003 1209 1229 1262 occidere
1250 1212 1488 1273 Galbam,

263 1311 337 1363 Et
358 1329 530 1363 curare
551 1321 724 1361 cutem
747 1309 933 1361 summi
954 1294 1230 1360 constantia
1252 1310 1371 1361 civis
1390 1334 1405 1369 ;
1688 1328 1745 1360 10
1751 1326 1777 1378 5

261 1409 489 1462 Bebriaci
511 1410 563 1461 in
583 1426 764 1476 campo
782 1407 996 1474 spolium
1018 1407 1247 1459 affectare
1271 1410 1448 1469 Palati,

260 1510 333 1560 Et
357 1507 576 1574 preffum
596 1507 650 1558 in
671 1505 797 1558 facie
821 1507 989 1571 digitis
1013 1507 1279 1558 extendere
1296 1525 1480 1574 panem
1494 1530 1509 1566 3

264 1608 422 1677 Qd
445 1626 536 1660 nec
559 1607 613 1658 in
636 1606 831 1672 Affyrio
856 1605 1140 1672 pharetrata
1163 1608 1448 1661 Semiramis
1467 1607 1605 1667 orbe,

262 1705 452 1759 Moesta
468 1723 559 1756 nec
583 1705 789 1756 Actiaca
811 1703 931 1756 fecit
957 1703 1222 1769 Cleopatra
1238 1704 1420 1756 carina.

262 1806 370 1857 Hic
389 1805 556 1856 nullus
578 1804 739 1856 verbis
763 1803 943 1869 pudor,
978 1815 1063 1855 aut
1092 1804 1362 1855 reverentia
1382 1803 1581 1855 mensae.
1685 1822 1776 1855 110

261 1901 369 1952 Hic
393 1902 551 1967 turpis
575 1900 806 1966 CybeleS‚
831 1914 881 1952 et
903 1900 1059 1952 fracta
1084 1919 1203 1952 voce
1226 1900 1466 1966 loquendi

261 1999 507 2059 Libertas,
526 2011 576 2050 et
598 2000 733 2050 crine
756 1999 902 2050 senex
928 1999 1172 2051 fanaticus
1195 2001 1308 2051 albo

262 2100 529 2150 Sacrorum
554 2098 769 2158 antistes,
797 2117 965 2149 rarum
985 2117 1041 2150 ac
1071 2099 1397 2150 memorabile
1418 2101 1590 2164 magni

264 2196 503 2248 Gutturis
521 2195 832 2260 exemplum,
857 2194 1308 2261 conducendusque
1331 2197 1580 2261 magister.

262 2293 408 2363 Qd
432 2305 601 2345 tamen
627 2293 927 2359 exspectant,
951 2291 1171 2358 Phrygio
1190 2312 1314 2359 quos
1334 2307 1533 2360 tempus
1555 2293 1773 2361 eratjam

262 2393 415 2445 More
435 2392 784 2458 supervacuam
807 2392 977 2443 cultris
1000 2391 1280 2443 abscindere
1299 2411 1503 2445 carnem
1529 2393 1545 2442 ?
1682 2398 1770 2448 116

263 2490 646 2559 eringenta
668 2491 804 2541 dedit
817 2489 1082 2555 ⁴Gracchus
1107 2489 1335 2549 sestertia,
1360 2491 1533 2542 dotem

265 2585 525 2636 Cornicini
538 2610 553 2643 ;
595 2586 691 2636 five
715 2584 798 2636 hic
822 2586 957 2636 recto
989 2595 1269 2634 cantaverat
1294 2603 1403 2636 aere.

266 2684 480 2760 §ignatae
503 2684 682 2738 tabulae
699 2707 716 2745 3
757 2683 970 2744 dietum,
994 2682 1410 2753 FELICITER!
1447 2684 1622 2749 ingens

1612 2782 1771 2834 Coena
