1941 3363
303 215 393 301 64
619 217 1039 306 JUVENAL1s
1087 216 1349 279 SATYRA
1396 220 1492 279 VI.

294 366 506 427 Efferat,
542 377 591 418 et
614 378 846 433 patruos:
882 382 945 417 an
966 363 1024 414 fit
1044 364 1262 415 vidturus
1284 362 1478 414 adulter

294 464 411 519 Post
429 462 611 530 ipsam:
648 461 771 528 quid
794 462 932 512 enim
954 458 1114 525 majus
1140 459 1254 511 dare
1268 459 1500 511 Numina
1521 455 1746 525 poffunt?

290 561 421 612 Haec
444 570 613 610 tamen
634 556 849 621 ignorat,
883 553 1010 621 quid
1031 553 1158 605 fidus
1181 552 1313 603 triste
1335 552 1559 603 minetur

290 655 520 714 Saturni3
557 671 660 719 quo
681 652 793 703 laeta
815 650 985 701 Venus
1009 648 1054 700 se
1076 646 1298 715 proferat
1316 647 1442 700 astro
1455 671 1473 707 3

294 752 403 820 Q
423 747 600 802 mensis
627 746 829 806 damn0,
855 763 967 811 quae
992 744 1175 795 dentur
1197 754 1425 808 tempora
1451 742 1608 794 lucro0
1704 758 1799 808 570

290 850 431 904 Illius
453 846 681 902 occursus
710 844 863 896 etiam
885 843 1038 894 vitare
1060 853 1337 901 memento,

288 950 350 1000 In
371 946 511 1014 cujus
535 943 787 1002 manibus,
821 958 915 992 ceu
938 940 1144 1006 pinguia
1167 938 1384 998 succina,
1417 939 1560 990 tritas

289 1045 467 1096 Cernis
491 1039 832 1110 ephemeridas
846 1060 861 1096 3
897 1055 1007 1103 quae
1030 1035 1230 1087 nullum
1251 1034 1481 1094 consulit,
1517 1031 1694 1102 etjam

291 1142 608 1200 Consulitur3
645 1156 772 1205 quae,
800 1135 953 1187 castra
971 1133 1076 1186 viro
1097 1133 1413 1198 patriamque
1435 1143 1654 1197 petente,

288 1240 415 1294 Non
434 1240 528 1292 ibit
549 1238 748 1306 pariter,
783 1232 1004 1289 numeris
1030 1243 1257 1283 revocata
1268 1230 1535 1297 Thrasylli.
1703 1247 1795 1299 575

291 1339 378 1392 Ad
399 1337 624 1405 primum
646 1330 867 1398 lapidem
888 1328 1070 1380 vchari
1090 1344 1210 1377 cum
1233 1326 1413 1392 placet,
1446 1326 1570 1378 hora

292 1439 517 1490 Sumitur
541 1450 604 1485 ex
623 1430 781 1483 libro:
817 1427 853 1478 fi
877 1424 1037 1492 prurit
1057 1423 1232 1475 frictus
1253 1424 1399 1476 ocelli

289 1532 541 1599 AnguluS,
577 1528 794 1592 insped'ta
816 1523 978 1589 genesi
1000 1520 1204 1587 collyria
1229 1520 1402 1586 poscit.

289 1632 448 1696 AEgra
467 1628 585 1678 licet
602 1619 781 1691 jaceat,
815 1617 1058 1686 capiendo
1080 1615 1216 1667 nulla
1230 1616 1427 1668 videtur

291 1725 477 1793 Aptior
500 1722 622 1773 hora
644 1718 776 1778 cibo,
811 1716 899 1768 nifi
923 1732 1076 1781 quam
1100 1712 1290 1764 dederit
1307 1712 1552 1765 Petofiris.
1699 1720 1795 1780 580

290 1822 342 1874 Si
368 1817 632 1873 mediocris
655 1815 764 1874 erit,
798 1812 1012 1879 spatium
1033 1807 1257 1860 lustrabit
1280 1821 1557 1876 utrumque

288 1920 573 1975 Metarum,
609 1924 658 1964 et
681 1911 829 1962 sortes
853 1908 1002 1960 ducet
1012 1928 1028 1967 3
1063 1906 1385 1972 frontemque
1401 1924 1712 1974 manumque

290 2014 540 2070 Praebebit
558 2011 659 2063 vati
683 2006 918 2060 crebrum
938 2003 1212 2070 poppysma
1235 2005 1448 2070 roganti.

289 2111 552 2166 Divitibus
576 2103 798 2172 responsa
820 2101 958 2153 dabit
975 2100 1145 2168 Phryx
1167 2119 1344 2167 augur,
1379 2113 1429 2152 et
1446 2101 1601 2155 Indus

290 2209 601 2265 (londanus,
636 2202 772 2253 dabit
797 2199 1036 2250 astrorum
1057 2197 1336 2264 mundique
1358 2199 1565 2263 peritus,
1701 2206 1792 2269 585

292 2308 467 2371 Atque
490 2298 667 2365 aliquis
691 2295 865 2354 senior,
902 2293 990 2359 qui
1012 2291 1212 2358 publica
1233 2290 1436 2356 fulgura
1456 2292 1646 2346 condit.

289 2400 554 2456 Plebeium
577 2397 629 2447 in
652 2395 784 2446 circo
808 2391 1026 2459 positum
1049 2388 1117 2440 est
1140 2401 1188 2439 et
1213 2388 1265 2439 in
1289 2406 1466 2453 aggere
1489 2389 1672 2444 fatum.

291 2498 419 2567 Qae
443 2492 588 2545 nudis
610 2490 825 2554 longum
848 2485 1061 2537 ostendit
1082 2484 1353 2535 cervicibus
1375 2502 1569 2546 aurum,

292 2590 520 2645 Consulit
545 2599 656 2638 ante
678 2584 866 2651 phalas,
902 2581 1354 2647 delphinorumque
1380 2582 1637 2635 columnas
1646 2606 1663 2643 ς

293 2691 378 2741 An
400 2689 509 2753 saga
525 2683 761 2737 vendenti
786 2680 959 2739 nubat,
984 2695 1208 2745 caupone
1233 2678 1421 2730 reliito⁹
1700 2697 1794 2745 590

1694 2775 1794 2827 Hae
