1941 3363
294 256 381 317 34
625 232 1096 319 'JUVENAms
1154 232 1439 293 SATYRA
1474 239 1545 299 V,

285 376 453 428 Anxia
474 376 718 443 praecipiti
740 375 941 427 veniffet
958 373 1158 440 epistola
1174 392 1352 441 penna.

285 472 458 537 Atque
480 471 674 522 utinam
697 470 774 521 his
799 471 966 535 potius
994 469 1140 533 nugis
1165 481 1271 519 tota
1287 469 1370 520 illa
1390 466 1595 519 dediffet
1704 482 1795 531 150

286 569 544 633 Tempora
566 567 773 626 saevitiae,
797 566 949 618 claras
977 565 1161 631 quibus
1183 564 1381 615 abstulit
1403 564 1518 616 urbi

283 668 593 732 Illustresque
610 665 819 724 animas,
837 665 1046 731 impune
1070 677 1119 714 et
1143 662 1343 714 vindice
1364 661 1522 713 nullo.
1585 727 1591 743 x

284 767 378 817 Sed
402 767 568 833 periit,
593 765 858 833 postquam
882 763 1179 816 cerdonibus
1198 760 1292 814 effe
1314 761 1569 812 timendus

284 863 520 931 Coeperat
541 888 557 924 3
591 863 691 916 hoc
714 863 889 915 nocuit
912 861 1206 913 Lamiarum
1229 858 1363 910 caede
1384 857 1626 909 madenti.

747 1086 1198 1148 SATYRA
1256 1085 1334 1148 V.

384 1251 407 1301 Ι
430 1253 480 1293 te
500 1240 737 1308 propofiti
757 1240 985 1297 nondum
1008 1237 1180 1304 pudet,
1201 1250 1350 1304 atque
1373 1237 1550 1290 eadem
1572 1234 1641 1287 est
1661 1250 1824 1294 menS,

405 1343 479 1391 Ut
495 1337 627 1389 bona
648 1337 843 1388 summa
865 1347 1008 1401 putes
1036 1333 1196 1384 aliena
1216 1334 1376 1384 vivere
1394 1332 1582 1398 quadra
1594 1353 1613 1391 5

261 1443 332 1494 ·Si
355 1451 495 1507 potes
511 1435 596 1487 illa
621 1433 741 1500 pati,
766 1450 876 1498 quae
901 1449 993 1482 nec
1019 1431 1305 1481 Sarmentus
1329 1430 1523 1495 iniquas

279 1538 481 1593 Caesaris
504 1534 566 1586 ad
589 1531 798 1591 mensas,
831 1549 922 1581 nec
951 1529 1059 1580 vilis
1087 1529 1253 1580 Galba
1275 1528 1473 1589 tulisset,

280 1636 524 1708 vais'
539 1632 708 1700 jurato
731 1643 956 1682 metuam
980 1629 1072 1680 tibi
1095 1629 1291 1680 credere
1314 1629 1439 1680 testi.
1468 1644 1470 1647 ’
1759 1645 1787 1693 5

276 1739 468 1790 Ventre
491 1733 618 1787 nihil
644 1732 759 1784 novi
782 1730 1021 1796 frugalius
1042 1750 1053 1780 ε
1090 1728 1188 1780 hoc
1211 1741 1379 1780 tamen
1407 1728 1569 1795 ipsum

276 1833 525 1889 Defecifl‘e
546 1845 684 1898 puta,
710 1830 847 1896 quod
865 1830 1003 1880 inani
1027 1828 1203 1879 sufficit
1227 1827 1352 1878 alvo.

276 1934 437 1986 Nulla
455 1931 656 1997 crepido
679 1929 854 1980 vacat?
891 1928 1135 1993 nusquam
1169 1944 1311 1992 pons,
1337 1936 1387 1976 et
1420 1926 1596 1990 tegetis
1622 1943 1733 1993 pars

279 2031 510 2084 Dimidia
531 2026 727 2079 brevior
752 2026 769 2076 ?
805 2026 994 2076 tantine
1017 2022 1197 2091 injuria
1228 2043 1382 2076 coenae
1403 2023 1421 2072 ?

278 2128 601 2196 Tamjejuna
619 2126 809 2183 fames;
845 2142 964 2175 cum
990 2123 1133 2190 poffis
1158 2121 1410 2173 honestius
1435 2122 1537 2173 illic
1730 2142 1789 2175 10

276 2227 347 2277 Et
368 2238 598 2282 tremere,
622 2235 670 2273 et
696 2220 856 2272 sordes
879 2218 1019 2270 farris
1045 2217 1273 2270 mordere
1297 2218 1461 2269 canini
1481 2217 1499 2266 ?

275 2322 450 2373 Primo
471 2320 568 2384 fige
589 2318 719 2377 loco,
747 2315 882 2382 quod
908 2331 963 2367 tu
981 2314 1290 2366 discum-bere
1306 2312 1461 2379 juffus

275 2420 574 2472 Mercedem
595 2417 800 2468 solidam
818 2428 1045 2466 veterum
1068 2413 1204 2478 capis
1227 2412 1528 2464 officiorum.

277 2519 491 2570 Frqus
510 2516 741 2567 amicitiae
764 2532 976 2578 magnae,
999 2513 1138 2564 cibus
1161 2531 1172 2562 τ
1208 2512 1428 2577 imputat
1453 2511 1588 2564 hunc
1613 2531 1716 2573 rex,

277 2620 346 2669 Et
371 2616 596 2683 quamvis
622 2631 806 2672 rarum,
826 2626 993 2664 tamen
1017 2613 1249 2677 imputat.
1287 2611 1423 2675 Ergo
1446 2612 1568 2663 duos
1588 2613 1696 2679 post
1727 2630 1782 2679 15

277 2718 325 2767 Si
349 2715 497 2768 libuit
515 2713 702 2766 menses
725 2712 1014 2777 negleffihlm
1036 2708 1271 2761 adhibere
1295 2708 1552 2768 clientem,

1650 2808 1783 2861 Ter-
