1941 3363
331 240 463 303 194

325 364 456 412 SAT.

316 1444 463 1499 VIII.

627 222 1076 285 LECTIONES
1124 215 1595 289 VAR1ANTES.

523 371 570 417 ᾖ.

535 482 616 529 99.
652 459 848 516 Petitur
869 465 981 532 plus
1005 465 1267 531 temporis,

501 575 609 613 100.
644 560 806 614 Nullo
828 563 1018 629 quippe
1041 563 1215 616 modo,
1273 566 1382 617 Vet.
1408 567 1528 620 MS.

504 678 612 725 105.
649 659 806 728 Qod
832 662 982 711 testo·

503 777 613 825 109.
650 758 956 810 Acriorille.
1008 757 1198 824 conjebl.

504 874 613 907 120.
649 855 800 907 Bulli.
828 857 864 907 i.
883 875 927 907 e.
953 855 1128 922 pisceS.
1195 854 1373 909 Dincei
1388 855 1471 909 lib.

498 970 608 1017 129.
644 950 832 1003 Matho
857 949 1045 1018 dejicit.

500 1069 610 1117 139.
647 1050 879 1102 Fidimus
903 1048 1139 1116 eloquio?
1173 1049 1238 1101 al.
1266 1060 1324 1101 ut
1348 1050 1568 1104 redeant.

498 1167 609 1211 142.
646 1148 807 1200 Pofita
830 1167 893 1199 an
918 1148 976 1200 fit
998 1148 1131 1200 sella.
1187 1146 1378 1213 conjeeh

498 1268 518 1300 1
531 1267 608 1315 93.
644 1248 716 1299 Et
730 1245 1002 1314 joculator}
1058 1244 1185 1314 quid.

497 1365 610 1409 214.
647 1346 821 1414 Qm
844 1345 1011 1397 toties.

550 1451 596 1498 8.
632 1446 675 1497 F
679 1443 869 1495 amosos
896 1444 1151 1510 equitum,

527 1562 612 1611 33.
648 1543 860 1594 Parvam
887 1553 1257 1607 extortamque.

526 1660 612 1707 43.
648 1641 719 1692 Et
743 1651 793 1691 te
818 1638 1122 1706 conciperet.
1178 1638 1368 1706 conjecfh

525 1745 608 1792 61.
644 1739 802 1791 Venit
827 1738 887 1790 de
908 1714 1155 1803 ‘'germine.

523 1841 607 1901 67.
641 1835 792 1886 Trito
815 1833 1027 1885 ducunt.

525 1952 606 1999 90.
643 1929 898 1982 Exhausta
921 1928 1174 1981 medullis.

494 2048 551 2081 12
560 2046 604 2095 5.
639 2026 764 2079 Non
789 2025 858 2076 est
880 2025 1122 2077 sententia
1134 2049 1150 2084 ς
1177 2042 1354 2077 verum
1377 2026 1465 2078 est⁶

499 2140 518 2176 1
530 2144 557 2191 3
564 2143 610 2190 3.
646 2120 951 2175 Promethea
975 2122 1170 2188 pingaS.

497 2238 606 2286 157.
642 2219 963 2285 Hipponam.

492 2321 604 2380 167.
640 2316 915 2366 Lateranus
937 2314 1000 2368 ad
1024 2313 1152 2365 illos.

496 2434 604 2480 190.
639 2412 979 2465 Transcurria.
1050 2411 1278 2475 Scaliger,

493 2529 602 2576 199.
638 2510 707 2560 Et
730 2508 870 2559 illud.
942 2505 1056 2559 Cod.
1081 2521 1188 2559 ant.

492 2625 604 2667 3204.
640 2606 912 2672 Postquam
933 2604 1131 2655 librata.

496 2718 607 2765 207.
645 2700 896 2752 Cedamus
922 2697 1124 2751 tunicae*

1722 2808 1833 2865 225.
