1941 3363
371 206 790 294 JUVENAris
837 209 1115 271 SATYRA
1146 218 1241 272 VI.
1518 230 1607 295 59

97 348 301 402 Pulsari.
336 350 453 417 Jam
474 368 625 404 nemo
650 351 794 404 tubas
817 363 970 420 atque
992 371 1086 405 aera
1104 352 1316 421 fatiget:

98 447 214 498 Una
236 446 480 499 laboranti
502 449 685 519 poterit
713 449 992 502 succurrere
1008 451 1186 503 Lunae.

97 544 323 611 Imponit
345 544 502 599 finem
526 546 715 615 sapiens
738 557 787 598 et
807 546 954 598 rebus
977 545 1214 599 honestIS.

96 641 238 695 Nam
261 662 373 711 quae
396 642 541 696 dofta
564 645 714 697 nimis
738 644 878 712 cupit
897 656 947 696 et
968 643 1186 697 facunda
1204 644 1381 708 videri,

97 739 257 791 Crure
282 751 427 791 tenus
452 739 622 794 medio
647 740 840 793 tunicas
862 739 1147 806 succingere
1168 740 1339 804 debet,
1509 761 1609 813 445

97 833 301 887 Caedere
325 834 539 901 Sylvano
562 852 794 902 porcum,
830 832 1106 899 quadrante
1128 833 1297 888 lavari.

96 927 221 980 Non
245 928 428 982 habeat
450 939 700 989 matrona,
733 926 829 981 tibi
851 925 1154 994 quaejunCta
1175 930 1448 995 recumbit,

94 1024 314 1077 Dicendi
336 1042 513 1090 genus,
547 1035 634 1076 aut
655 1033 859 1094 curtum
881 1023 1108 1077 sermone
1130 1036 1294 1079 rotato

94 1124 354 1190 Torqueat
385 1121 731 1188 enthymema,
766 1139 860 1174 nec
882 1121 1108 1176 historias
1131 1123 1252 1179 sciat
1274 1144 1485 1181 omnes:

97 1214 194 1268 Sed
216 1213 448 1281 quaedam
470 1230 531 1263 ex
554 1212 694 1265 libris
717 1225 769 1265 et
792 1230 894 1264 non
916 1213 1179 1281 intelligat.
1207 1216 1313 1267 Odi
1516 1236 1615 1286 450

95 1317 249 1369 Hanc
274 1332 385 1380 eg0,
420 1332 532 1380 quae
555 1312 736 1380 repetit.
756 1311 1013 1381 volvitque
1034 1314 1332 1368 Palaemonis
1355 1328 1536 1380 artem,

96 1416 299 1467 Servata
321 1413 514 1480 semper
534 1413 661 1479 lege,
702 1424 754 1466 et
778 1412 972 1464 ratione
994 1412 1256 1480 loquendi,

96 1514 405 1583 Ignotosque
425 1513 556 1567 mihi
582 1525 720 1565 tenet
743 1512 1024 1579 antiquaria
1045 1512 1231 1574 versuS,

97 1612 214 1666 Nec
235 1610 456 1665 curanda
476 1610 590 1664 viris
612 1610 769 1677 opicae
796 1609 1001 1674 castigat
1025 1609 1199 1662 amicae

100 1708 286 1762 Verba.
337 1707 686 1760 Soloecismum
709 1706 857 1778 liceat
879 1706 1043 1759 feciffe
1067 1706 1266 1759 marito.
1550 1728 1584 1772 4
1589 1725 1614 1775 5
1621 1722 1648 1771 5

100 1805 194 1858 Nil
217 1823 320 1857 non
345 1804 596 1871 permittit
619 1803 803 1856 mulier
821 1802 912 1855 fibi
932 1822 944 1854 ε
981 1814 1128 1869 turpe
1152 1814 1297 1869 putat
1319 1803 1409 1864 nil,

103 1906 242 1956 Cum
263 1905 442 1956 virides
465 1923 694 1972 gemmas
716 1904 847 1958 collo
869 1902 1224 1963 circumdedit,
1248 1915 1299 1954 et
1320 1922 1442 1957 cum

103 2001 327 2054 Auribus
351 2002 797 2068 extenfislmagnos
821 1998 1076 2052 commisit
1100 1997 1350 2050 elenchos.

103 2097 472 2150 Intolerabilius
494 2096 624 2150 nihil
648 2083 717 2149 est
741 2114 897 2164 quam
917 2093 1131 2147 foemina
1150 2093 1305 2144 dives,

104 2191 316 2253 Interea,
351 2191 488 2244 foeda
510 2192 705 2259 aspectu
731 2189 1053 2255 ridendaque,
1078 2186 1246 2238 multo
1521 2192 1621 2253 460

104 2287 239 2339 Pane
263 2300 430 2364 tumet
448 2287 617 2348 facieS,
645 2298 731 2341 aut
752 2286 962 2352 pinguia
988 2285 1270 2350 Poppaeana

107 2387 291 2454 Spirat,
326 2398 379 2440 et
399 2385 520 2441 hinc
543 2386 710 2439 miseri
727 2385 974 2437 viscantur
995 2382 1132 2434 labra
1160 2381 1347 2434 mariti.

106 2484 193 2535 Ad
215 2482 480 2540 moechum
504 2483 608 2534 lota
630 2482 794 2533 veniet
814 2494 930 2532 cute
950 2498 962 2530 ε
998 2477 1201 2545 quando
1226 2477 1387 2529 videri

107 2582 234 2633 Vult
258 2579 474 2633 formosa
497 2580 666 2632 domi?
702 2577 914 2630 moechis
939 2575 1113 2628 foliata
1139 2587 1395 2641 parantur.

108 2680 210 2739 His
232 2679 418 2738 emitur
439 2676 686 2748 quicquid
709 2675 914 2748 graciles
937 2673 1039 2728 huc
1061 2673 1264 2727 mittitis
1289 2672 1421 2726 Indi.
1525 2676 1590 2734 46
1596 2691 1626 2738 ς

1477 2770 1624 2823 Tan-
