1941 3363
799 206 1220 273 NOTAE.
1618 237 1738 280 221

288 358 365 405 88.
403 356 665 421 Accipiunt
682 355 881 422 fragili.
938 357 1052 409 Sine
1087 356 1245 409 dubio
1282 355 1553 423 legendum
1572 358 1738 423 fhcili.

217 449 253 501 i.
281 468 325 502 e.
361 450 530 511 flexili,
557 452 718 504 molli.

291 564 397 612 115.
443 548 643 599 Vovebit
679 547 733 598 de
767 566 912 611 grege
940 546 1213 611 servorum.
1276 547 1469 613 Opinio
1515 560 1740 608 veterum

218 643 320 695 fuit
350 659 566 697 mortem
599 658 760 697 morte
792 644 925 710 poffe
962 645 1174 696 redimi:
1213 645 1345 695 unde
1371 659 1581 711 aegrotos
1606 649 1741 713 poffe

217 741 344 805 eripi
382 742 605 807 periculo
644 742 905 807 putabant,
952 741 985 790 fi
1034 740 1189 791 vitam
1228 741 1532 806 aliquorum,
1578 762 1737 810 aegro-

216 847 386 887 torum
409 837 522 888 loco
545 838 871 903 projecissent.
942 838 1133 900 Grang.

289 948 396 995 127.
423 933 675 1003 Jugulctta
691 932 923 998 Mycenis.
959 932 1106 982 Errat
1128 932 1385 997 JuvenaliS
1412 952 1574 999 neque
1597 935 1735 987 enim

214 1027 450 1092 Mycenis
476 1029 740 1096 Iphigenia
767 1030 931 1095 periit,
964 1030 1043 1081 sed
1069 1030 1121 1080 in
1155 1042 1304 1095 portu
1329 1031 1541 1083 Aulidis.
1611 1033 1653 1083 F
1655 1051 1733 1083 or-

214 1135 267 1175 te
290 1142 406 1176 vero
436 1125 731 1191 interpretes
764 1124 914 1190 fugit,
950 1124 1089 1191 quod
1124 1124 1192 1176 est
1227 1125 1564 1178 nominativus
1598 1128 1733 1180 vocis

213 1220 590 1287 patronymicae.

672 1317 721 1367 A
755 1316 807 1368 D
875 1318 905 1368 S
939 1317 989 1368 A
1022 1316 1089 1368 T.
1156 1317 1303 1370 XIII.

275 1413 395 1465 Ver.
425 1433 467 1466 1.
503 1413 728 1480 Exemplo
755 1413 1050 1480 quodcunque
1070 1415 1206 1466 mala.
1256 1416 1430 1468 Multo
1456 1416 1730 1482 elegantior

209 1507 282 1559 est
320 1508 406 1560 illa
446 1509 613 1569 lestio,
665 1527 823 1575 quam
874 1511 996 1561 MS.
1039 1508 1177 1560 codex
1218 1510 1499 1563 Reverendi
1552 1512 1726 1564 Ham-

212 1603 390 1655 mondi
417 1621 516 1670 prae
544 1603 591 1656 se
624 1603 740 1664 fert,
775 1603 897 1655 teste
931 1603 1168 1656 Editione
1199 1605 1482 1670 Anglicana
1513 1624 1626 1672 quae
1658 1607 1730 1658 ita

206 1695 384 1759 habet,

403 1794 630 1860 Exemplo
653 1793 948 1861 quodcunque
968 1794 1140 1847 malum
1165 1797 1263 1848 &a

208 1887 372 1955 magis
394 1887 503 1939 haec
526 1887 747 1939 referunt
769 1906 981 1940 acumen
1005 1888 1278 1955 Juvenalis.
1347 1891 1563 1942 Hennin.

277 1999 321 2048 5.
355 1981 558 2034 Recenti
588 1979 643 2032 de
669 1980 860 2045 stelere.
914 1982 1142 2041 Retenti3
1187 1983 1219 2032 i.
1245 2004 1284 2034 e.
1325 1983 1531 2049 depositi
1566 1985 1721 2037 abne-

205 2075 311 2139 gati
332 2087 382 2126 et
402 2092 504 2125 non
526 2073 708 2125 redditi
727 2073 997 2139 legendum
1022 2086 1249 2125 autumat
1314 2076 1609 2139 Rutgerfius.

272 2177 352 2224 28.
387 2173 536 2223 Αἴαντα·
570 2182 693 2223 aetas
726 2171 908 2234 agitur.
979 2170 1212 2222 Ostendit
1248 2183 1356 2223 tam
1389 2173 1722 2239 multiplicata

203 2265 297 2318 effe
333 2267 547 2318 humani
581 2265 773 2331 generis
814 2265 1008 2326 scelera,
1048 2258 1107 2318 ‘ut
1145 2265 1257 2333 jam
1299 2279 1529 2334 tempora
1564 2270 1719 2336 duplo

202 2360 373 2428 pejora
408 2364 519 2422 fint,
561 2380 718 2429 quam
756 2362 945 2415 fuerint
985 2362 1178 2422 ferrea;
1225 2376 1274 2414 et
1320 2364 1389 2415 ita
1430 2364 1614 2432 pejora,
1661 2380 1719 2419 ut

202 2484 380 2521 eorum
415 2465 678 2520 sceleribus
717 2479 903 2518 nomen
939 2478 1040 2511 non
1081 2461 1386 2512 inveniretur
1417 2480 1445 2511 a
1482 2463 1712 2522 metallis,

204 2576 254 2615 et
287 2563 351 2615 fic
385 2562 454 2613 est
488 2565 558 2615 rei
591 2557 926 2628 exaggeratio.
1001 2557 1120 2608 Hoc
1154 2558 1313 2623 magis
1347 2558 1524 2623 placet,
1561 2577 1716 2624 quam

204 2669 261 2709 ut
287 2676 520 2711 numeres
554 2669 717 2710 aetates
747 2656 863 2706 οξὶο
894 2669 923 2704 a
959 2651 1170 2704 metallis
1187 2676 1202 2711 ,-
1242 2670 1341 2703 non
1375 2653 1512 2703 enini
1546 2655 1715 2704 nomi-

1567 2764 1714 2803 natur
