1941 3363
231 250 378 330 148
567 246 982 332 JU'VENALIS
1030 242 1307 302 SATYRA
1358 245 1479 299 XV.

246 395 443 448 Mensa.
512 390 671 442 Nefas
696 389 794 440 illic
820 384 1252 452 foetumjugulare
1275 383 1476 449 capellae
1491 399 1507 441 3

249 492 497 545 Carnibus
519 488 754 541 humanis
779 484 906 538 vesci
929 484 1064 534 licet.
1135 482 1373 533 Attonito
1397 497 1520 530 cum

249 592 378 643 Tale
404 589 545 654 super
569 578 769 638 coena‘m
793 584 984 636 facinus
1012 582 1230 633 narraret
1253 577 1447 643 Ulyffes

250 689 486 746 AlcinOO,
513 685 671 736 bilem
696 695 782 734 aut
810 683 963 733 risum
990 678 1187 731 fortaffe
1212 674 1512 743 quibusdam
1713 685 1767 735 15

250 786 503 840 Moverat,
531 792 588 830 ut
610 777 828 829 mendax
851 775 1147 838 aretaloguS.
1216 772 1276 822 In
1300 787 1436 821 mare
1460 784 1613 818 nemo

252 884 415 936 Hunc
440 878 607 936 abicit,
644 876 767 927 saeva
789 875 1003 940 dignum
1029 889 1246 937 veraque
1268 869 1544 934 Charybdi,

255 981 564 1045 Fingentem
587 975 836 1025 immanes
862 969 1203 1034 Laestrygonas
1230 979 1383 1033 atque
1407 963 1688 1032 Cyclopas?

255 1076 398 1128 Nam
421 1073 568 1125 citius
589 1069 824 1135 Scyllam,
848 1066 923 1118 vel
947 1065 1296 1117 concurrentia
1318 1064 1430 1115 saxa

257 1172 471 1234 CyaneS,
505 1167 678 1233 plenos
701 1177 752 1216 et
776 1160 1152 1229 tempestatibus
1179 1172 1312 1212 utres
1714 1173 1776 1210 20

244 1267 590 1326 Crediderim,
616 1278 705 1317 aut
730 1264 868 1315 tenui
890 1259 1171 1328 percuffum
1194 1260 1396 1311 verbere
1420 1260 1610 1320 Circes,

259 1371 331 1421 Et
356 1387 479 1420 cum
502 1365 778 1430 remigibus
801 1361 1053 1428 grunnisse
1077 1360 1328 1426 Elpenora
1353 1361 1534 1425 porcis,

260 1466 399 1517 Tam
421 1465 564 1515 vacui
587 1462 760 1528 capitis
781 1459 1033 1527 populum
1058 1457 1265 1508 Phaeaca
1287 1457 1511 1522 putavit?

263 1566 345 1616 Sic
366 1563 544 1628 aliquis
568 1561 750 1613 merito
774 1559 1004 1611 nondum
1029 1556 1212 1616 ebrius,
1248 1568 1298 1606 et
1321 1556 1596 1607 minimum
1621 1559 1712 1623 qui

262 1662 347 1713 De
371 1662 630 1724 Corcyraea
655 1669 904 1708 temetum
930 1656 1137 1706 duxerat
1162 1672 1300 1705 urna.
1721 1671 1780 1720 25

265 1758 407 1813 Solus
432 1762 572 1811 enim
598 1760 695 1810 hoc
720 1757 921 1809 Ithacus
948 1756 1087 1808 nullo
1110 1751 1198 1807 sub
1226 1756 1344 1807 teste
1370 1752 1595 1808 canebat.

264 1858 376 1910 Nos
402 1856 627 1906 miranda
651 1854 877 1920 quidem,
903 1852 982 1904 sed
1006 1869 1184 1916 nuper,
1212 1839 1414 1902 consule
1434 1853 1589 1919 Junio
1658 1858 1661 1860 ’

265 1953 435 2012 Gesta,
462 1952 602 2017 super
625 1949 797 2002 calidae
821 1948 1093 2000 referemus
1122 1950 1308 2000 moenia
1331 1950 1487 2014 Copti
1503 1973 1518 2007 ς

266 2054 379 2104 Nos
404 2051 543 2116 vulgi
565 2049 720 2101 scelus
743 2060 793 2099 et
818 2048 1010 2098 cunetis
1035 2049 1257 2112 graviora
1282 2046 1563 2099 cothurnis.
1725 2066 1787 2119 29

263 2148 410 2201 Nam
426 2147 581 2199 scelus
598 2165 626 2197 a
645 2145 848 2211 Pyrrha,
876 2162 1169 2210 quanquam
1192 2145 1365 2195 omnia
1390 2144 1601 2208 syrmata
1617 2145 1800 2213 volvas,

268 2243 458 2295 Nullus
491 2241 622 2309 apud
650 2241 892 2304 Tragicos
918 2239 1135 2304 populus
1163 2238 1300 2290 facit.
1371 2239 1565 2304 Accipe
1588 2239 1755 2293 nostro

269 2341 397 2391 Dira
422 2339 557 2404 quod
579 2337 871 2402 exemplum
898 2336 1066 2387 feritas
1091 2335 1383 2402 produxerit
1409 2353 1528 2386 aevo.

270 2436 409 2486 Inter
436 2433 676 2484 finitimos
703 2445 845 2482 vetus
871 2444 1021 2496 atque
1046 2432 1256 2496 antiqua
1281 2431 1521 2489 simultas,

272 2530 569 2582 Immortale
589 2528 783 2587 odium,
811 2541 861 2578 et
886 2546 1149 2593 nunquam
1174 2527 1388 2578 sanabile
1412 2528 1592 2579 vulnus

274 2628 434 2680 Ardet
450 2627 629 2687 adhuc,
645 2626 844 2676 Ombos
861 2638 910 2677 et
928 2627 1171 2692 Tentyra.
1214 2626 1455 2677 Summus
1472 2627 1709 2693 utrinque
1731 2642 1757 2692 3
1766 2642 1793 2692 ς

273 2721 398 2776 Inde
421 2721 556 2775 furor
581 2738 645 2772 vt
648 2721 749 2785 lgo,
778 2719 914 2787 quod
941 2720 1151 2771 numina
1175 2719 1459 2773 vicinorum

1665 2812 1794 2866 Odit
