1941 3363
363 229 821 316 JUVENALrs
878 230 1179 292 SATYRA
1216 239 1308 294 VI.
1507 252 1592 313 45

84 373 244 443 Cujus
271 377 402 443 apud
425 378 601 429 molles
631 378 845 430 minima
867 378 935 430 est
949 376 1145 445 jactura
1160 377 1436 431 cathedras·

82 472 375 540 Tyrrhenos
402 475 553 540 igitur
577 473 775 534 fluctus,
812 476 1009 541 lateque
1033 475 1292 527 sonantem

82 568 294 619 Pertulit
317 569 519 620 Ionium
539 568 781 620 constanti
802 572 1018 635 pectore,
1048 570 1278 634 quamvis

78 661 393 714 Mutandum
415 662 561 713 toties
579 661 694 713 effet
720 680 872 713 mare.
898 662 1037 726 Justa
1054 663 1227 727 pericli

80 756 131 806 Si
156 756 280 807 ratio
298 756 383 816 est,
411 768 462 807 et
487 755 707 815 honesta,
732 756 932 814 timent,
957 756 1238 821 pavidoque
1262 756 1493 820 gelantur
1542 776 1568 824 9
1576 775 1602 823 5

83 852 305 913 Pectore,
328 871 418 903 nec
437 851 662 903 tremulis
684 850 882 916 possunt
908 850 1121 902 insistere
1144 852 1346 916 plantis.

83 948 289 999 Fortem
306 949 538 998 animum
554 945 783 1012 praestant
799 946 962 1005 rebus,
978 965 1102 1012 quas
1124 947 1334 1013 turpiter
1349 947 1551 1000 audent.

83 1043 134 1093 Si
149 1039 325 1107 jubeat
347 1039 548 1107 conjux,
578 1039 760 1090 durum
785 1040 854 1090 est
878 1040 1205 1092 conscendere
1223 1043 1410 1101 navim,

79 1136 231 1187 Tunc
256 1134 446 1186 sentina
467 1134 644 1200 graviS,
669 1145 787 1185 tunc
810 1134 1033 1185 summus
1052 1136 1262 1187 vertitur
1286 1141 1384 1187 ae'r.
1542 1156 1605 1204 99

82 1231 210 1300 Q
236 1228 499 1282 moechum
519 1229 756 1295 sequitur,
781 1229 1040 1281 stomacho
1065 1230 1210 1282 valet.
1233 1231 1325 1281 Illa
1351 1232 1595 1284 maritum

83 1325 360 1376 Convomit
385 1343 398 1375 ε
429 1322 535 1374 haec
559 1323 690 1374 inter
713 1337 888 1375 nautas
914 1338 963 1376 et
983 1326 1211 1391 prandet,
1237 1339 1286 1378 et
1312 1339 1441 1378 errat

84 1421 178 1473 Per
203 1422 435 1488 puppim,
465 1432 515 1472 et
538 1420 691 1471 duros
716 1421 902 1485 gaudet
924 1424 1131 1474 tractare
1157 1423 1408 1475 rudenteS.

83 1517 203 1586 Q
229 1529 397 1568 tamen
421 1516 595 1567 exarfit
616 1514 814 1566 forma?
851 1534 953 1581 qua
969 1515 1334 1583 captajuventa
1359 1517 1428 1570 est

83 1611 314 1677 Hippia?
350 1610 474 1677 quid
499 1610 641 1671 vidit,
669 1621 874 1676 propter
898 1611 1036 1676 quod
1059 1611 1195 1662 ludia
1218 1612 1319 1663 dici

85 1705 326 1757 Sustinuit
351 1704 368 1754 ?
403 1722 523 1755 nam
549 1703 795 1768 Sergiolus
811 1702 921 1770 jam
946 1704 1115 1756 radere
1139 1717 1315 1771 guttur
1519 1725 1576 1758 10
1581 1725 1607 1774 ς

85 1800 338 1865 Coeperat,
366 1810 416 1849 et
439 1797 569 1849 secto
593 1799 821 1864 requiem
846 1800 1033 1865 sperare
1054 1799 1281 1852 lacert0.·

84 1894 327 1946 Praeterea
351 1892 513 1944 multa
533 1893 586 1942 in
611 1891 738 1942 facie
762 1891 1024 1953 deformia,
1051 1893 1177 1945 ficut

85 1988 306 2041 Attritus
330 1986 486 2052 galea,
507 1984 781 2051 mediisque
805 1986 858 2037 in
883 1986 1086 2038 naribus
1110 1988 1286 2052 ingens

85 2083 305 2142 Gibbus,
321 2096 371 2133 et
394 2099 503 2132 acre
524 2080 720 2131 malum
743 2081 936 2147 semper
950 2081 1174 2133 stillantis
1199 2083 1362 2134 ocelli.

86 2176 181 2228 Sed
205 2175 448 2240 gladiator
469 2185 589 2224 erat.
633 2173 776 2224 Facit
800 2173 898 2225 hoc
921 2174 1029 2225 illos
1054 2174 1371 2240 Hyacinthos
1392 2194 1404 2226 ε
1515 2193 1608 2233 110

87 2270 206 2321 Hoc
231 2269 414 2335 pueris,
441 2267 735 2334 patriaeque‚
760 2265 858 2318 hoc
880 2268 1100 2333 praetulit
1125 2269 1209 2319 illa
1234 2269 1404 2328 sorori,

88 2364 264 2429 Atque
283 2362 407 2413 viro.
432 2361 643 2412 Ferrum
661 2359 746 2420 est,
770 2360 909 2426 quod
933 2374 1120 2413 amant.
1143 2364 1247 2414 Hic
1267 2363 1472 2428 Sergius
1488 2362 1642 2423 idem,

88 2461 317 2523 Accepta
340 2458 478 2518 rude,
505 2457 727 2524 coepiffet
754 2458 969 2509 Veiento
996 2459 1168 2511 videri.

90 2552 230 2619 Qd
253 2551 442 2616 privata
463 2553 665 2612 domuS,
687 2552 813 2618 quid
836 2551 1013 2604 fecerit
1036 2554 1247 2620 Hippia,
1275 2573 1415 2607 curas
1437 2555 1455 2604 ?

90 2643 298 2710 Respice
317 2645 486 2698 rivales
512 2645 762 2699 Divorum
785 2670 800 2706 ς
839 2646 1080 2699 Claudius
1105 2648 1220 2699 audi
1523 2668 1540 2697 1
1557 2666 1611 2714 15

1485 2745 1613 2812 Qae
