1941 3363
226 369 908 442 'TABULARUM
972 368 1647 438 EXPLICATIO

629 519 733 584 Ad
783 522 1263 583 PERSIUM.

167 733 476 787 TAB.XIII.
502 735 686 782 Amos
713 733 934 779 PERsms
960 731 1226 782 FLACCUS,

163 891 384 950 XIV.F.
408 915 447 947 1.
468 897 713 948 Furorem
736 894 991 961 exprimit,
1025 906 1175 960 atque
1197 891 1282 946 hic
1306 907 1458 959 caput
1479 896 1693 949 Penthei

296 983 541 1035 Echionis
570 982 661 1034 filii
685 981 1062 1047 representatur.
1100 985 1251 1050 Spon.
1299 986 1498 1050 Spectat
1523 987 1621 1039 Sat.
1649 1008 1689 1039 1.

296 1073 350 1126 Ῠ.
377 1089 487 1124 100.
554 1072 707 1123 Hanc
730 1071 957 1122 fabulam
979 1072 1044 1124 fic
1068 1085 1232 1124 narrat
1257 1074 1518 1133 Horatius,

361 1171 437 1221 Et
457 1179 603 1236 caput
624 1169 857 1240 abfifftm
880 1170 1060 1223 demens
1083 1189 1186 1223 cum
1204 1182 1376 1237 portat
1399 1176 1594 1237 Agave.

228 1254 291 1307 F.
313 1272 358 1307 2.
381 1256 644 1323 Serpentes
664 1255 764 1308 duo
781 1275 919 1307 aram
941 1258 1244 1309 munientes.
1273 1259 1426 1312 Golz.
1453 1260 1693 1313 numism.

294 1356 422 1397 tom.
448 1366 499 1408 4.
535 1344 638 1397 tab.
664 1366 711 1408 4.
753 1347 952 1411 Spe&at
976 1347 1075 1398 Sat.
1104 1367 1144 1397 1.
1164 1348 1216 1402 Jl‘.
1244 1368 1352 1414 113.
1394 1351 1600 1415 Angues
1638 1372 1695 1404 a-

292 1427 403 1494 'pud
427 1439 613 1480 veteres
645 1447 738 1492 pro
763 1429 942 1480 Geniis
963 1428 1193 1480 locorum
1217 1443 1357 1482 erant
1379 1433 1540 1485 habiti
1562 1435 1695 1487 sem-

293 1526 401 1579 per.
469 1515 648 1580 Virgil.
673 1516 875 1567 AEneid.
897 1534 941 1582 5.
967 1516 1077 1582 post
1110 1517 1426 1572 ambitiosam
1459 1520 1695 1588 serpentis

295 1605 699 1670 descriptionem,
727 1603 857 1655 subit
879 1604 1013 1664 inde,

360 1695 603 1752 Incertus,
663 1691 922 1744 Geniumne
976 1691 1079 1752 loci,
1128 1693 1428 1755 famulumne
1472 1699 1697 1762 parentis

362 1780 471 1853 Effi’
484 1791 647 1848 putet.

234 1872 292 1924 F.
314 1889 361 1936 3.
387 1870 588 1935 Jupiter
611 1868 837 1921 multum.
860 1870 1114 1923 barbatus.
1155 1872 1294 1923 Mus.
1321 1873 1456 1925 Flor.
1499 1885 1624 1927 torn.
1647 1895 1692 1928 2.

298 1960 400 2011 tab.
425 1975 470 2020 3.
515 1959 713 2025 Spectat
754 1958 853 2010 Sat.
883 1977 927 2010 2.
966 1960 1018 2013 ψ.
1042 1966 1118 2011 28.
1147 1961 1280 2028 apud
1300 1962 1480 2027 Juven.
1509 1965 1607 2016 Sat.
1634 1986 1682 2027 4.

296 2049 351 2101 Jl‘.
376 2065 484 2112 103.

487 2163 539 2172 -
552 2132 705 2199 filcile
729 2135 788 2196 est
807 2133 1009 2186 barbato
1034 2134 1263 2199 imponere
1288 2138 1405 2201 regi.

231 2221 295 2274 F.
315 2241 363 2284 4.
410 2221 543 2273 Puer
588 2220 781 2272 bullam
829 2220 1039 2284 gestans,
1077 2221 1230 2286 Spem,
1281 2224 1478 2289 Specstat
1519 2226 1618 2278 Sat.
1650 2243 1693 2293 5.

301 2311 354 2364 Jl'.
385 2326 463 2374 31.

169 2484 363 2538 XV.F.
386 2502 428 2536 1.
456 2483 756 2535 Umbonem
795 2483 1002 2535 exhibet
1039 2486 1127 2550 qui
1165 2505 1276 2553 pars
1315 2488 1399 2539 illa
1437 2501 1565 2556 togae
1601 2490 1698 2544 fuit

296 2574 391 2640 qui
426 2573 488 2624 ad
519 2576 693 2636 pestus
730 2574 897 2624 exibat
937 2574 988 2624 in
1032 2588 1305 2629 tumorem.
1346 2580 1513 2631 Graev.
1540 2581 1696 2632 Rom.

301 2662 425 2713 Ante
448 2671 575 2713 tom.
600 2664 647 2711 6.
674 2660 872 2723 Speecat
894 2660 992 2712 Sat.
1015 2677 1055 2725 5.
1077 2662 1127 2715 >52
1146 2679 1224 2726 33.

1597 2757 1658 2809 F.
1685 2776 1729 2812 2.
