1941 3363
464 249 878 335 JUVENALIS
926 250 1202 312 SATYRA
1250 260 1320 317 X.
1555 273 1639 340 95

138 392 211 444 Sit
233 390 362 443 mihi
384 405 619 458 praeterea
638 410 818 444 curvus
840 393 1055 453 caelator,
1087 405 1137 445 et
1160 395 1300 455 alter,
1551 416 1610 458 14
1616 414 1642 468 5

138 490 246 558 Q
269 490 457 541 multas
478 489 628 541 facies
651 489 807 556 fingat
830 491 932 543 cito
950 515 965 550 3
1002 491 1248 544 sufficient
1272 492 1397 553 haec,

138 586 357 654 Qndo
380 604 473 653 ego
497 605 687 652 pauper
707 605 824 647 ero3
859 599 1034 638 votum
1058 587 1353 649 miserabile,
1388 607 1481 642 nec
1504 590 1610 661 spes

136 683 234 735 His
259 682 430 734 saltem
453 703 465 733 :
499 701 618 735 nam
644 701 763 734 cum
786 701 878 750 pro
899 701 981 734 me
1004 682 1209 735 fortuna
1230 698 1448 750 rogatur,

136 779 318 844 Affigit
339 798 473 830 ceras
495 780 580 830 illa
602 780 663 831 de
688 798 810 831 nave
831 781 1028 846 petitas,

138 874 267 940 Qae
290 873 480 927 Siculos
507 887 680 925 cantus
704 872 884 940 effugit
907 872 1096 937 remige
1120 872 1281 928 surdo,
1553 896 1571 926 1
1585 893 1644 947 50

594 1138 1044 1203 SATYRA
1104 1141 1180 1205 X.

140 1291 477 1417 OMnibus
501 1292 554 1342 in
578 1292 736 1352 terris,
771 1311 880 1359 quae
905 1291 1017 1343 sunt
1040 1310 1068 1343 a
1092 1292 1321 1346 Gadibus
1344 1295 1498 1362 usque

299 1385 550 1434 Auroram
570 1395 622 1433 et
645 1383 901 1448 Gangem,
936 1382 1083 1448 pauci
1107 1385 1394 1450 dignoscere
1413 1387 1613 1453 possunt

135 1478 266 1529 Vera
288 1478 436 1538 bona,
471 1490 620 1544 atque
642 1477 738 1530 illis
764 1476 988 1529 multum
1008 1479 1209 1540 diversa,
1246 1494 1440 1539 remota

135 1573 329 1624 Erroris
353 1572 564 1623 nebula:
602 1571 724 1638 quid
747 1566 886 1622 enim
911 1574 1104 1624 ratione
1123 1575 1383 1636 timemUS,

136 1670 243 1721 Aut
266 1667 530 1732 cupimus?
565 1666 687 1732 quid
711 1677 815 1718 tam
839 1667 1017 1719 dextro
1039 1669 1164 1735 pede
1186 1671 1425 1738 concipiS,
1462 1684 1520 1726 ut
1546 1685 1594 1725 te
1621 1691 1647 1739 5

136 1765 357 1815 Conatus
384 1780 485 1812 non
509 1762 765 1827 paeniteat,
801 1763 1005 1828 votique
1027 1765 1251 1829 peradii?
1631 1742 1633 1745 γ

133 1859 368 1911 Evertere
390 1857 568 1907 domos
592 1868 718 1907 totas
742 1857 1029 1923 optantibus
1051 1859 1164 1924 ipfis

135 1954 210 2005 Di
232 1953 417 2004 faciles.
485 1951 734 2003 Nocitura
755 1964 890 2018 toga,
925 1954 1152 2009 nocitura
1172 1967 1415 2020 petuntur

135 2048 344 2099 Militia.
411 2047 632 2097 Torrens
657 2046 854 2098 dicendi
876 2048 1022 2114 copia
1045 2049 1240 2109 multis,

136 2147 205 2198 Et
229 2145 311 2196 sua
335 2142 593 2199 mortifera
615 2143 685 2194 est
706 2143 960 2196 facundia.
1029 2145 1236 2197 Viribus
1261 2145 1346 2203 ille
1594 2166 1652 2197 10

136 2241 363 2296 Confisus
387 2240 550 2306 periit,
585 2239 986 2306 admirandisque
1007 2241 1218 2297 lacertis,

136 2336 232 2386 Sed
252 2335 418 2401 plures
441 2335 599 2386 nimia
622 2335 855 2400 congesta
878 2337 1094 2401 pecunia
1118 2355 1237 2392 cura

137 2433 436 2498 Strangulat‚
474 2444 523 2482 et
546 2434 729 2483 cundsta
751 2432 1046 2498 exsuperans
1069 2434 1375 2500 patrimonia
1395 2433 1585 2496 censue,

134 2531 343 2596 Qnto
363 2528 612 2595 delphinis
635 2528 826 2580 balaena
847 2529 1136 2581 Britannica
1158 2529 1333 2597 major.

134 2623 476 2690 Temporibus
499 2623 616 2674 diris
636 2624 806 2688 igitur,
833 2621 1067 2690 jussuque
1088 2624 1327 2686 NeroniS,
1594 2644 1651 2692 15

136 2722 436 2791 Longinum
458 2732 508 2772 et
531 2737 740 2788 magnos
765 2720 962 2772 Senecae
985 2720 1251 2791 praedivitis
1276 2721 1452 2779 hortos

1497 2816 1654 2873 Clau-.-
