1941 3363
248 188 285 246 8
594 185 1014 273 JUVENALIS
1064 188 1338 249 SATYRA
1373 197 1440 250 Π.

240 331 370 384 Haec
394 333 566 384 animo
593 345 708 383 ante
731 333 904 384 tubas:
940 333 1195 398 galeatum
1218 333 1324 384 sero
1341 334 1493 385 duelli

241 430 475 481 Poenitet.
519 429 776 494 Experiar,
811 429 933 496 quid
956 429 1258 479 concedatur
1280 430 1332 480 in
1356 430 1487 491 illos,
1664 447 1755 496 170.

243 527 481 594 Qorum
504 526 755 579 Flaminia
778 527 966 594 tegitur
991 526 1133 588 cinis,
1161 540 1310 593 atque
1333 528 1530 582 Latina.

706 753 742 812 S
768 755 827 815 A
846 753 907 815 T
933 756 989 816 Y
1012 756 1071 816 R
1099 757 1159 815 A
1220 755 1298 817 II.

240 892 523 1039 ULtra
551 891 862 943 Sauromatas
884 892 1057 959 fugere
1081 893 1202 945 hinc
1226 892 1368 953 libet,
1392 905 1442 945 et
1465 892 1726 959 glacialem

424 992 706 1052 Oceanum,
735 993 929 1058 quoties
951 993 1139 1059 aliquid
1163 993 1224 1044 de
1250 993 1475 1045 moribus
1501 992 1702 1052 audent,

245 1091 354 1158 Q
375 1089 556 1141 Curios
582 1089 835 1149 fimulant,
860 1101 909 1140 et
929 1089 1253 1142 Bacchanalia
1277 1091 1470 1151 vivunt,

239 1192 438 1243 Indoffi
463 1191 688 1256 primum
716 1208 727 1239 :
758 1207 1050 1256 quanquam
1074 1189 1220 1255 plena
1235 1190 1408 1241 omnia
1428 1189 1582 1255 gypso

241 1288 510 1354 Chryfippi
528 1287 747 1337 invenies
768 1305 778 1337 :
816 1304 935 1337 nam
960 1285 1340 1352 perfeetiffimus
1358 1286 1544 1338 horum
1568 1284 1656 1345 est,
1731 1302 1755 1350 5

245 1387 299 1437 Si
325 1386 435 1452 quis
461 1384 784 1436 Aristotelem
802 1384 1033 1445 fimilem,
1053 1385 1130 1435 vel
1151 1385 1400 1446 Pittacon,
1426 1386 1570 1444 emit,

240 1488 311 1538 Et
324 1485 473 1553 jubet
497 1486 788 1552 archetypos
809 1486 1043 1552 pluteum
1069 1487 1252 1538 servare
1275 1484 1564 1539 Cleanthas.

240 1584 420 1636 Fronti
442 1583 577 1634 nulla
601 1583 738 1635 fides,
766 1584 893 1655 Qs
916 1584 1054 1635 enim
1072 1601 1171 1633 non
1195 1584 1333 1635 vicus
1363 1581 1584 1634 abundat

243 1682 495 1733 Tristibus
516 1681 797 1734 obscoenis?
832 1680 1040 1747 castigas
1065 1683 1245 1746 turpia,
1270 1699 1392 1733 cum
1413 1680 1471 1730 fis

244 1784 384 1834 Inter
404 1784 677 1834 Socraticos
703 1781 954 1834 notiflima
979 1780 1098 1831 foffa
1123 1781 1354 1838 einaedos.
1700 1787 1759 1827 10'

244 1882 460 1949 Hispida
480 1883 712 1934 membra
736 1882 960 1948 quidem,
986 1893 1035 1930 et
1057 1881 1190 1932 durae
1213 1899 1299 1946 per
1326 1878 1530 1931 brachia
1555 1878 1664 1930 setae

245 1985 558 2036 Promittunt
582 1995 803 2033 atrocem
827 1981 1087 2032 animum:
1123 1979 1203 2030 sed
1227 1980 1406 2045 podice
1428 1978 1540 2030 laevi

245 2085 523 2136 Caeduntur
554 2084 779 2142 tumidae,
800 2081 1000 2132 medico
1023 2081 1233 2140 ridente,
1257 2080 1491 2131 mariscae.

244 2190 406 2240 Rarus
427 2186 588 2237 sermo
604 2183 719 2241 illis,
745 2196 796 2233 et
819 2200 1004 2247 magna
1029 2182 1186 2232 libido
1212 2179 1427 2237 tacendi,

245 2290 418 2352 Atque
441 2283 700 2352 supercilio
722 2282 919 2333 brevior
943 2298 1107 2332 coma.
1143 2281 1323 2331 Verius
1347 2296 1485 2344 erg0‚
1699 2294 1753 2345 15

244 2389 315 2439 Et
340 2386 500 2450 magis
523 2385 741 2448 ingenue
765 2382 1080 2433 Peribomius
1101 2401 1113 2432 :
1150 2358 1289 2432 hunc
1312 2397 1407 2443 ego
1430 2377 1544 2430 fatis

242 2487 468 2551 ImputO,
505 2483 592 2548 qui
615 2480 758 2533 vultu
779 2479 1035 2539 morbum,
1060 2476 1345 2544 incessuque
1367 2476 1569 2537 fatetur,

242 2585 449 2636 Horum
481 2580 768 2646 fimplicitas
802 2578 1095 2630 miserabilis
1112 2601 1127 2637 3
1174 2577 1252 2628 his
1275 2575 1416 2627 furor
1438 2576 1541 2643 ipse

242 2683 348 2736 Dat
370 2680 600 2735 veniam:
635 2679 718 2731 sed
738 2677 949 2746 pejoreS,
975 2677 1064 2744 qui
1086 2675 1203 2729 talia
1223 2673 1385 2729 verbis

1620 2770 1758 2823 Her-
