1941 3363
329 239 456 322 178
721 239 974 300 PERsn
1031 238 1320 299 SATYRA
1376 247 1473 299 IV.

321 390 491 440 Curva
514 386 663 445 subit,
690 384 768 435 vel
790 403 910 435 cum
934 384 1065 436 fallit
1088 384 1215 451 pede
1239 384 1412 449 regula
1433 402 1548 437 varo
1560 408 1577 444 ς

321 485 392 536 Et
415 485 545 550 potis
569 501 619 534 es
646 483 854 547 nigrum
876 482 1001 533 vitio
1025 482 1279 548 praefigere
1303 481 1460 534 theta.

322 584 465 650 Qu
490 596 545 634 tu
566 584 738 647 igitur,
764 582 961 633 summa
983 581 1330 647 nequicquam
1354 581 1483 648 pelle
1506 581 1731 642 decorus,

321 682 459 731 Ante
483 678 620 729 diem
643 677 827 728 blando
850 676 1064 728 caudam
1076 675 1264 742 jactare
1288 677 1490 743 popello
1778 693 1844 742 ,¹5

319 774 534 834 Desini3‚
562 775 826 840 Anticyras
851 773 1030 825 melior
1053 773 1246 824 sorbere
1270 789 1490 824 meracas
1510 771 1530 821 ?

323 873 451 940 Qae
477 871 571 922 tibi
596 871 794 922 summa
817 870 939 920 boni
962 869 1063 921 est?
1100 871 1251 920 uncta
1272 868 1441 920 vixiffe
1463 868 1644 936 patella

323 971 548 1035 Semper,
574 981 623 1019 et
645 968 833 1019 affiduo
858 979 1031 1019 curata
1052 966 1272 1019 cuticula
1293 967 1409 1020 sole.

321 1067 595 1133 Exspecta3
633 1065 766 1117 haud
792 1065 926 1116 aliud
951 1064 1242 1130 respondeat
1270 1063 1378 1116 haec
1403 1083 1543 1117 anus.
1612 1066 1636 1116 I
1660 1082 1820 1123 nunc3

322 1162 669 1214 Dinomaches
693 1181 786 1228 ego
809 1162 935 1221 sum,
961 1158 1117 1220 suffla,
1145 1160 1257 1211 sum
1281 1160 1542 1214 candidus,
1595 1160 1714 1212 Esto
1729 1184 1745 1220 ς
1786 1177 1846 1210 20

321 1257 469 1309 Dum
490 1276 552 1309 ne
577 1257 794 1308 deterius
818 1245 980 1323 sapiat
993 1256 1242 1322 pannucia
1264 1254 1461 1315 Baucis,

320 1356 461 1407 Cum
484 1354 611 1405 bene
635 1353 873 1404 discincto
896 1354 1169 1404 cantaverit
1191 1370 1372 1417 ocyma
1395 1370 1572 1403 vernae.

320 1450 398 1501 Ut
423 1467 575 1500 nemo
594 1449 647 1499 in
666 1448 760 1499 sese
786 1459 945 1498 tentat
968 1444 1289 1497 descendere!
1327 1445 1504 1496 nemo!

323 1547 418 1598 Sed
442 1545 741 1612 praecedenti
766 1544 1012 1611 spectatur
1037 1543 1257 1594 mantica
1280 1555 1438 1608 tergO.

322 1642 581 1709 Qefieris
596 1664 611 1700 ;
644 1640 818 1691 nostin’
842 1639 1044 1689 Veffidi
1067 1637 1286 1705 praedia?
1323 1636 1498 1704 cujus?
1786 1659 1810 1691 2
1820 1660 1845 1707 5

320 1733 477 1786 Dives
503 1749 605 1786 arat
629 1734 869 1793 Curibus,
896 1746 1144 1799 quantum
1168 1751 1269 1784 non
1295 1734 1480 1784 milvus
1503 1734 1717 1786 oberret.

319 1837 497 1896 Hunc,
523 1837 592 1887 ais
614 1836 630 1884 ?
666 1834 805 1886 hunc
831 1835 928 1885 Dis
956 1834 1108 1892 iratis,
1135 1834 1387 1900 genioque
1410 1834 1617 1893 finistro,

381 1933 429 1982 ui
455 1930 960 1999 quandoquejugum
985 1931 1179 1996 pertusa
1203 1931 1261 1981 ad
1287 1933 1511 1995 compita
1535 1930 1660 1996 figit,

320 2032 520 2085 Seriolae
544 2034 721 2084 veteris
747 2044 978 2083 metuens
1003 2030 1235 2081 deradere
1259 2031 1460 2090 limum,

323 2134 564 2200 Ingemit,
590 2132 688 2183 hoc
713 2132 839 2182 bene
862 2132 943 2182 fit:
973 2132 1256 2183 tunicatum
1278 2151 1398 2183 cum
1418 2132 1510 2183 sale
1531 2134 1766 2184 mordens
1783 2151 1845 2198 30

373 2250 492 2297 aepe,
522 2244 571 2281 et
597 2229 834 2281 farratam
861 2229 1024 2293 pueris
1051 2229 1405 2292 plaudentibus
1432 2229 1603 2290 ollam,

322 2327 600 2378 Pannosam
627 2325 803 2376 faecem
828 2327 1088 2376 morientis
1112 2325 1274 2375 sorbet
1301 2326 1445 2374 aceti.

321 2426 396 2474 At
422 2424 456 2474 fi
480 2425 659 2473 unctus
684 2421 848 2480 cefl'es,
877 2434 925 2470 et
949 2421 1070 2484 figas
1095 2423 1145 2471 in
1171 2435 1286 2471 cute
1311 2421 1479 2478 solem,

321 2518 411 2569 Est
437 2536 591 2584 prope
615 2529 663 2568 te
689 2517 910 2581 ignotuS,
938 2516 1114 2565 cubito
1138 2516 1227 2580 qui
1253 2527 1440 2580 tangat,
1469 2528 1518 2565 et
1542 2534 1651 2566 acre

320 2614 547 2679 Despuat
571 2613 622 2663 in
647 2631 809 2663 mores
828 2637 841 2671 3
880 2631 1165 2677 penemque
1191 2629 1469 2677 arcanaque
1491 2611 1658 2663 lumbi
1783 2631 1845 2680 35

323 2711 664 2771 Runcantem‚
690 2711 881 2777 populo
907 2722 1185 2763 marcentes
1208 2709 1427 2775 pandere
1447 2709 1633 2761 vulvas·

1755 2808 1846 2859 Tu
