<?xml version="1.0" encoding="UTF-8"?>
<!DOCTYPE html PUBLIC "-//W3C//DTD XHTML 1.0 Transitional//EN"
    "http://www.w3.org/TR/xhtml1/DTD/xhtml1-transitional.dtd">
<html xmlns="http://www.w3.org/1999/xhtml" xml:lang="en" lang="en">
 <head>
  <title>
</title>
<meta http-equiv="Content-Type" content="text/html;charset=utf-8" />
  <meta name='ocr-system' content='tesseract 3.04.00' />
  <meta name='ocr-capabilities' content='ocr_page ocr_carea ocr_par ocr_line ocrx_word'/>
</head>
<body>
  <div class='ocr_page' id='page_1' title='image "./djuniijuvenalise00juveuoft_0082.png"; bbox 0 0 1941 3363; ppageno 0'>
   <div class='ocr_carea' id='block_1_1' title="bbox 280 235 1550 324">
    <p class='ocr_par' dir='ltr' id='par_1_1' title="bbox 280 235 1550 324">
     <span class='ocr_line' id='line_1_1' title="bbox 280 235 1550 324; baseline -0.013 -21"><span class='ocrx_word' id='word_1_1' title='bbox 280 242 370 320; x_wconf 89' lang='lat'>46</span> <span class='ocrx_word' id='word_1_2' title='bbox 599 236 1048 324; x_wconf 82' lang='lat' dir='ltr'>JUVENAL1S</span> <span class='ocrx_word' id='word_1_3' title='bbox 1116 235 1404 293; x_wconf 75' lang='lat' dir='ltr'>SATYRA</span> <span class='ocrx_word' id='word_1_4' title='bbox 1455 237 1550 290; x_wconf 90' lang='lat' dir='ltr'>VI.</span> 
     </span>
    </p>
   </div>
   <div class='ocr_carea' id='block_1_2' title="bbox 279 373 1624 529">
    <p class='ocr_par' dir='ltr' id='par_1_2' title="bbox 279 373 1624 529">
     <span class='ocr_line' id='line_1_2' title="bbox 281 373 1624 451; baseline -0.01 -16"><span class='ocrx_word' id='word_1_5' title='bbox 281 381 410 451; x_wconf 84' lang='lat' dir='ltr'>Qae</span> <span class='ocrx_word' id='word_1_6' title='bbox 435 380 631 433; x_wconf 89' lang='lat' dir='ltr'>tulerit:</span> <span class='ocrx_word' id='word_1_7' title='bbox 667 378 886 430; x_wconf 87' lang='lat' dir='ltr'>dormire</span> <span class='ocrx_word' id='word_1_8' title='bbox 909 377 1077 428; x_wconf 89' lang='lat' dir='ltr'>virum</span> <span class='ocrx_word' id='word_1_9' title='bbox 1101 393 1224 427; x_wconf 89' lang='lat' dir='ltr'>cum</span> <span class='ocrx_word' id='word_1_10' title='bbox 1247 373 1456 426; x_wconf 86' lang='lat' dir='ltr'>senserat</span> <span class='ocrx_word' id='word_1_11' title='bbox 1477 386 1624 427; x_wconf 86' lang='lat' dir='ltr'>uxor,</span> 
     </span>
     <span class='ocr_line' id='line_1_3' title="bbox 279 460 1346 529; baseline -0.008 -9"><span class='ocrx_word' id='word_1_12' title='bbox 279 467 417 520; x_wconf 92' lang='lat' dir='ltr'>Ausa</span> <span class='ocrx_word' id='word_1_13' title='bbox 434 466 658 518; x_wconf 86' lang='lat' dir='ltr'>Palatino</span> <span class='ocrx_word' id='word_1_14' title='bbox 675 476 896 529; x_wconf 86' lang='lat' dir='ltr'>tegetem</span> <span class='ocrx_word' id='word_1_15' title='bbox 918 461 1145 528; x_wconf 84' lang='lat' dir='ltr'>praeferre</span> <span class='ocrx_word' id='word_1_16' title='bbox 1171 460 1346 520; x_wconf 86' lang='lat' dir='ltr'>cubili,</span> 
     </span>
    </p>
   </div>
   <div class='ocr_carea' id='block_1_3' title="bbox 278 556 1802 1003">
    <p class='ocr_par' dir='ltr' id='par_1_3' title="bbox 278 556 1550 722">
     <span class='ocr_line' id='line_1_4' title="bbox 281 556 1550 623; baseline -0.007 -9"><span class='ocrx_word' id='word_1_17' title='bbox 281 564 490 616; x_wconf 83' lang='lat' dir='ltr'>Sumere</span> <span class='ocrx_word' id='word_1_18' title='bbox 508 565 776 613; x_wconf 61' lang='lat' dir='ltr'>nodmrnos</span> <span class='ocrx_word' id='word_1_19' title='bbox 800 559 1036 612; x_wconf 83' lang='lat' dir='ltr'>meretrix</span> <span class='ocrx_word' id='word_1_20' title='bbox 1053 558 1280 623; x_wconf 86' lang='lat' dir='ltr'>Augusta</span> <span class='ocrx_word' id='word_1_21' title='bbox 1306 556 1550 615; x_wconf 86' lang='lat' dir='ltr'>cucullos,</span> 
     </span>
     <span class='ocr_line' id='line_1_5' title="bbox 278 651 1497 722; baseline -0.007 -13"><span class='ocrx_word' id='word_1_22' title='bbox 278 655 570 722; x_wconf 86' lang='lat' dir='ltr'>Linquebat</span> <span class='ocrx_word' id='word_1_23' title='bbox 589 655 778 707; x_wconf 84' lang='lat' dir='ltr'>comite</span> <span class='ocrx_word' id='word_1_24' title='bbox 800 653 975 706; x_wconf 89' lang='lat' dir='ltr'>ancilla</span> <span class='ocrx_word' id='word_1_25' title='bbox 999 669 1103 705; x_wconf 90' lang='lat' dir='ltr'>non</span> <span class='ocrx_word' id='word_1_26' title='bbox 1126 651 1342 717; x_wconf 88' lang='lat' dir='ltr'>amplius</span> <span class='ocrx_word' id='word_1_27' title='bbox 1363 667 1464 702; x_wconf 85' lang='lat' dir='ltr'>una</span> <span class='ocrx_word' id='word_1_28' title='bbox 1480 672 1497 707; x_wconf 79' lang='lat'>3</span> 
     </span>
    </p>

    <p class='ocr_par' dir='ltr' id='par_1_4' title="bbox 279 743 1802 906">
     <span class='ocr_line' id='line_1_6' title="bbox 279 743 1802 827; baseline -0.011 -24"><span class='ocrx_word' id='word_1_29' title='bbox 279 751 368 827; x_wconf 86' lang='lat' dir='ltr'>Et,</span> <span class='ocrx_word' id='word_1_30' title='bbox 393 751 600 815; x_wconf 88' lang='lat' dir='ltr'>nigrum</span> <span class='ocrx_word' id='word_1_31' title='bbox 618 749 744 802; x_wconf 84' lang='lat' dir='ltr'>flavo</span> <span class='ocrx_word' id='word_1_32' title='bbox 765 748 959 800; x_wconf 86' lang='lat' dir='ltr'>crinem</span> <span class='ocrx_word' id='word_1_33' title='bbox 983 745 1312 798; x_wconf 85' lang='lat' dir='ltr'>abscondente</span> <span class='ocrx_word' id='word_1_34' title='bbox 1331 743 1516 809; x_wconf 89' lang='lat' dir='ltr'>galero,</span> <span class='ocrx_word' id='word_1_35' title='bbox 1709 754 1802 788; x_wconf 82' lang='lat'>120</span> 
     </span>
     <span class='ocr_line' id='line_1_7' title="bbox 281 840 1401 906; baseline -0.007 -9"><span class='ocrx_word' id='word_1_36' title='bbox 281 846 491 898; x_wconf 86' lang='lat' dir='ltr'>Intravit</span> <span class='ocrx_word' id='word_1_37' title='bbox 515 843 739 896; x_wconf 87' lang='lat' dir='ltr'>calidum</span> <span class='ocrx_word' id='word_1_38' title='bbox 761 843 917 895; x_wconf 89' lang='lat' dir='ltr'>veteri</span> <span class='ocrx_word' id='word_1_39' title='bbox 938 853 1150 893; x_wconf 86' lang='lat' dir='ltr'>centone</span> <span class='ocrx_word' id='word_1_40' title='bbox 1171 840 1401 906; x_wconf 87' lang='lat' dir='ltr'>lupanar,</span> 
     </span>
    </p>

    <p class='ocr_par' dir='ltr' id='par_1_5' title="bbox 281 929 1707 1003">
     <span class='ocr_line' id='line_1_8' title="bbox 281 929 1707 1003; baseline -0.009 -10"><span class='ocrx_word' id='word_1_41' title='bbox 281 942 353 994; x_wconf 88' lang='lat' dir='ltr'>Et</span> <span class='ocrx_word' id='word_1_42' title='bbox 373 939 553 992; x_wconf 87' lang='lat' dir='ltr'>cellam</span> <span class='ocrx_word' id='word_1_43' title='bbox 577 957 807 998; x_wconf 89' lang='lat' dir='ltr'>vacuam,</span> <span class='ocrx_word' id='word_1_44' title='bbox 826 950 978 1003; x_wconf 89' lang='lat' dir='ltr'>atque</span> <span class='ocrx_word' id='word_1_45' title='bbox 999 936 1138 988; x_wconf 90' lang='lat' dir='ltr'>suam</span> <span class='ocrx_word' id='word_1_46' title='bbox 1158 955 1171 987; x_wconf 71' lang='grc' dir='ltr'>ε</span> <span class='ocrx_word' id='word_1_47' title='bbox 1209 945 1332 988; x_wconf 92' lang='lat' dir='ltr'>tunc</span> <span class='ocrx_word' id='word_1_48' title='bbox 1355 933 1490 985; x_wconf 89' lang='lat' dir='ltr'>nuda</span> <span class='ocrx_word' id='word_1_49' title='bbox 1510 929 1707 998; x_wconf 89' lang='lat' dir='ltr'>papillis</span> 
     </span>
    </p>
   </div>
   <div class='ocr_carea' id='block_1_4' title="bbox 281 1033 1813 1862">
    <p class='ocr_par' dir='ltr' id='par_1_6' title="bbox 281 1033 1802 1387">
     <span class='ocr_line' id='line_1_9' title="bbox 281 1033 1475 1099; baseline -0.006 -8"><span class='ocrx_word' id='word_1_50' title='bbox 281 1038 523 1092; x_wconf 88' lang='lat' dir='ltr'>Constitit</span> <span class='ocrx_word' id='word_1_51' title='bbox 548 1037 749 1096; x_wconf 64' lang='lat' dir='ltr'>auratis„</span> <span class='ocrx_word' id='word_1_52' title='bbox 768 1035 980 1090; x_wconf 91' lang='lat' dir='ltr'>titulum</span> <span class='ocrx_word' id='word_1_53' title='bbox 1002 1035 1217 1086; x_wconf 86' lang='lat' dir='ltr'>mentita</span> <span class='ocrx_word' id='word_1_54' title='bbox 1239 1033 1475 1099; x_wconf 87' lang='lat' dir='ltr'>Lyciscae,</span> 
     </span>
     <span class='ocr_line' id='line_1_10' title="bbox 282 1129 1660 1200; baseline -0.007 -13"><span class='ocrx_word' id='word_1_55' title='bbox 282 1134 621 1200; x_wconf 87' lang='lat' dir='ltr'>Ostenditque</span> <span class='ocrx_word' id='word_1_56' title='bbox 637 1146 804 1191; x_wconf 88' lang='lat' dir='ltr'>tuum,</span> <span class='ocrx_word' id='word_1_57' title='bbox 828 1129 1061 1197; x_wconf 85' lang='lat' dir='ltr'>generose</span> <span class='ocrx_word' id='word_1_58' title='bbox 1084 1130 1389 1188; x_wconf 85' lang='lat' dir='ltr'>Britannice,</span> <span class='ocrx_word' id='word_1_59' title='bbox 1415 1138 1660 1180; x_wconf 89' lang='lat' dir='ltr'>ventrem.</span> 
     </span>
     <span class='ocr_line' id='line_1_11' title="bbox 282 1221 1802 1295; baseline -0.007 -14"><span class='ocrx_word' id='word_1_60' title='bbox 282 1228 501 1295; x_wconf 84' lang='lat' dir='ltr'>Excepit</span> <span class='ocrx_word' id='word_1_61' title='bbox 525 1225 707 1279; x_wconf 85' lang='lat' dir='ltr'>blanda</span> <span class='ocrx_word' id='word_1_62' title='bbox 727 1227 985 1287; x_wconf 74' lang='lat' dir='ltr'>intrantes,</span> <span class='ocrx_word' id='word_1_63' title='bbox 1010 1236 1164 1290; x_wconf 88' lang='lat' dir='ltr'>atque</span> <span class='ocrx_word' id='word_1_64' title='bbox 1182 1241 1276 1274; x_wconf 88' lang='lat' dir='ltr'>aera</span> <span class='ocrx_word' id='word_1_65' title='bbox 1294 1221 1548 1289; x_wconf 84' lang='lat' dir='ltr'>poposcit:</span> <span class='ocrx_word' id='word_1_66' title='bbox 1715 1238 1769 1272; x_wconf 84' lang='lat'>12</span> <span class='ocrx_word' id='word_1_67' title='bbox 1776 1233 1802 1282; x_wconf 83' lang='grc'><em>5</em></span> 
     </span>
     <span class='ocr_line' id='line_1_12' title="bbox 285 1317 1435 1387; baseline -0.007 -11"><span class='ocrx_word' id='word_1_68' title='bbox 285 1324 436 1383; x_wconf 85' lang='lat' dir='ltr'>Mox,</span> <span class='ocrx_word' id='word_1_69' title='bbox 460 1323 640 1375; x_wconf 88' lang='lat' dir='ltr'>lenone</span> <span class='ocrx_word' id='word_1_70' title='bbox 662 1322 767 1373; x_wconf 84' lang='lat' dir='ltr'>suas</span> <span class='ocrx_word' id='word_1_71' title='bbox 781 1318 892 1387; x_wconf 86' lang='lat' dir='ltr'>jam</span> <span class='ocrx_word' id='word_1_72' title='bbox 915 1320 1203 1372; x_wconf 86' lang='lat' dir='ltr'>dimittente</span> <span class='ocrx_word' id='word_1_73' title='bbox 1227 1317 1435 1384; x_wconf 76' lang='lat' dir='ltr'>puella8‚</span> 
     </span>
    </p>

    <p class='ocr_par' dir='ltr' id='par_1_7' title="bbox 287 1413 1758 1573">
     <span class='ocr_line' id='line_1_13' title="bbox 287 1413 1758 1481; baseline -0.003 -12"><span class='ocrx_word' id='word_1_74' title='bbox 287 1418 468 1471; x_wconf 85' lang='lat' dir='ltr'>Tristis</span> <span class='ocrx_word' id='word_1_75' title='bbox 497 1418 629 1477; x_wconf 82' lang='lat' dir='ltr'>abit3</span> <span class='ocrx_word' id='word_1_76' title='bbox 666 1417 764 1476; x_wconf 88' lang='lat' dir='ltr'>sed,</span> <span class='ocrx_word' id='word_1_77' title='bbox 792 1415 931 1481; x_wconf 93' lang='lat' dir='ltr'>quod</span> <span class='ocrx_word' id='word_1_78' title='bbox 953 1416 1139 1481; x_wconf 90' lang='lat' dir='ltr'>potuit,</span> <span class='ocrx_word' id='word_1_79' title='bbox 1169 1426 1340 1466; x_wconf 88' lang='lat' dir='ltr'>tamen</span> <span class='ocrx_word' id='word_1_80' title='bbox 1374 1414 1557 1465; x_wconf 86' lang='lat' dir='ltr'>ultima</span> <span class='ocrx_word' id='word_1_81' title='bbox 1578 1413 1758 1465; x_wconf 89' lang='lat' dir='ltr'>cellam</span> 
     </span>
     <span class='ocr_line' id='line_1_14' title="bbox 289 1505 1559 1573; baseline -0.004 -11"><span class='ocrx_word' id='word_1_82' title='bbox 289 1510 496 1571; x_wconf 87' lang='lat' dir='ltr'>Claufit,</span> <span class='ocrx_word' id='word_1_83' title='bbox 524 1511 689 1563; x_wconf 88' lang='lat' dir='ltr'>adhuc</span> <span class='ocrx_word' id='word_1_84' title='bbox 717 1510 891 1562; x_wconf 88' lang='lat' dir='ltr'>ardens</span> <span class='ocrx_word' id='word_1_85' title='bbox 919 1508 1090 1573; x_wconf 85' lang='lat' dir='ltr'>rigidae</span> <span class='ocrx_word' id='word_1_86' title='bbox 1114 1509 1359 1573; x_wconf 84' lang='lat' dir='ltr'>tentigine</span> <span class='ocrx_word' id='word_1_87' title='bbox 1382 1505 1559 1566; x_wconf 83' lang='lat' dir='ltr'>vulvae,</span> 
     </span>
    </p>

    <p class='ocr_par' dir='ltr' id='par_1_8' title="bbox 289 1602 1396 1664">
     <span class='ocr_line' id='line_1_15' title="bbox 289 1602 1396 1664; baseline -0.003 -8"><span class='ocrx_word' id='word_1_88' title='bbox 289 1606 359 1656; x_wconf 88' lang='lat' dir='ltr'>Et</span> <span class='ocrx_word' id='word_1_89' title='bbox 379 1604 541 1656; x_wconf 75' lang='lat' dir='ltr'>lassata</span> <span class='ocrx_word' id='word_1_90' title='bbox 557 1607 691 1664; x_wconf 89' lang='lat' dir='ltr'>viris,</span> <span class='ocrx_word' id='word_1_91' title='bbox 719 1603 938 1655; x_wconf 85' lang='lat' dir='ltr'>necdum</span> <span class='ocrx_word' id='word_1_92' title='bbox 963 1603 1148 1662; x_wconf 88' lang='lat' dir='ltr'>satiata,</span> <span class='ocrx_word' id='word_1_93' title='bbox 1175 1602 1396 1654; x_wconf 87' lang='lat' dir='ltr'>receffit:</span> 
     </span>
    </p>

    <p class='ocr_par' dir='ltr' id='par_1_9' title="bbox 288 1697 1813 1862">
     <span class='ocr_line' id='line_1_16' title="bbox 288 1697 1813 1766; baseline -0.003 -13"><span class='ocrx_word' id='word_1_94' title='bbox 288 1701 628 1766; x_wconf 79' lang='lat' dir='ltr'>Obscurisque</span> <span class='ocrx_word' id='word_1_95' title='bbox 650 1702 788 1765; x_wconf 85' lang='lat' dir='ltr'>genis</span> <span class='ocrx_word' id='word_1_96' title='bbox 807 1700 984 1765; x_wconf 81' lang='lat' dir='ltr'>turpiS,</span> <span class='ocrx_word' id='word_1_97' title='bbox 1010 1697 1260 1763; x_wconf 87' lang='lat' dir='ltr'>fumoque</span> <span class='ocrx_word' id='word_1_98' title='bbox 1282 1698 1496 1749; x_wconf 83' lang='lat' dir='ltr'>lucernae</span> <span class='ocrx_word' id='word_1_99' title='bbox 1721 1716 1813 1763; x_wconf 83' lang='lat'>130</span> 
     </span>
     <span class='ocr_line' id='line_1_17' title="bbox 288 1794 1463 1862; baseline -0.003 -14"><span class='ocrx_word' id='word_1_100' title='bbox 288 1797 462 1856; x_wconf 86' lang='lat' dir='ltr'>Foeda,</span> <span class='ocrx_word' id='word_1_101' title='bbox 491 1796 738 1862; x_wconf 84' lang='lat' dir='ltr'>lupanaris</span> <span class='ocrx_word' id='word_1_102' title='bbox 765 1796 881 1846; x_wconf 89' lang='lat' dir='ltr'>tulit</span> <span class='ocrx_word' id='word_1_103' title='bbox 905 1794 965 1845; x_wconf 87' lang='lat' dir='ltr'>ad</span> <span class='ocrx_word' id='word_1_104' title='bbox 985 1794 1216 1860; x_wconf 87' lang='lat' dir='ltr'>pulvinar</span> <span class='ocrx_word' id='word_1_105' title='bbox 1236 1794 1463 1845; x_wconf 87' lang='lat' dir='ltr'>odorem.</span> 
     </span>
    </p>
   </div>
   <div class='ocr_carea' id='block_1_5' title="bbox 281 1888 1816 2614">
    <p class='ocr_par' dir='ltr' id='par_1_10' title="bbox 290 1888 1816 2048">
     <span class='ocr_line' id='line_1_18' title="bbox 290 1888 1816 1957; baseline -0.001 -14"><span class='ocrx_word' id='word_1_106' title='bbox 290 1892 661 1957; x_wconf 82' lang='lat' dir='ltr'>HippomaneS,</span> <span class='ocrx_word' id='word_1_107' title='bbox 690 1906 996 1953; x_wconf 86' lang='lat' dir='ltr'>carmenque</span> <span class='ocrx_word' id='word_1_108' title='bbox 1018 1888 1212 1953; x_wconf 84' lang='lat' dir='ltr'>loquar,</span> <span class='ocrx_word' id='word_1_109' title='bbox 1237 1890 1546 1954; x_wconf 70' lang='lat' dir='ltr'>coctumque</span> <span class='ocrx_word' id='word_1_110' title='bbox 1564 1907 1816 1941; x_wconf 87' lang='lat' dir='ltr'>venenum</span> 
     </span>
     <span class='ocr_line' id='line_1_19' title="bbox 292 1979 1545 2048; baseline -0.002 -13"><span class='ocrx_word' id='word_1_111' title='bbox 292 1985 633 2048; x_wconf 88' lang='lat' dir='ltr'>Privignoque</span> <span class='ocrx_word' id='word_1_112' title='bbox 652 1981 863 2032; x_wconf 88' lang='lat' dir='ltr'>datum?</span> <span class='ocrx_word' id='word_1_113' title='bbox 900 1979 1091 2031; x_wconf 88' lang='lat' dir='ltr'>faciunt</span> <span class='ocrx_word' id='word_1_114' title='bbox 1114 1981 1341 2044; x_wconf 82' lang='lat' dir='ltr'>graviora</span> <span class='ocrx_word' id='word_1_115' title='bbox 1361 1985 1545 2033; x_wconf 70' lang='lat' dir='ltr'>coastae</span> 
     </span>
    </p>

    <p class='ocr_par' dir='ltr' id='par_1_11' title="bbox 281 2074 1816 2518">
     <span class='ocr_line' id='line_1_20' title="bbox 294 2074 1593 2144; baseline -0.002 -14"><span class='ocrx_word' id='word_1_116' title='bbox 294 2077 518 2144; x_wconf 91' lang='lat' dir='ltr'>Imperio</span> <span class='ocrx_word' id='word_1_117' title='bbox 541 2075 700 2135; x_wconf 73' lang='lat' dir='ltr'>sexfi8,</span> <span class='ocrx_word' id='word_1_118' title='bbox 726 2076 1108 2139; x_wconf 82' lang='lat' dir='ltr'>minimumque</span> <span class='ocrx_word' id='word_1_119' title='bbox 1133 2074 1344 2126; x_wconf 80' lang='lat' dir='ltr'>libidine</span> <span class='ocrx_word' id='word_1_120' title='bbox 1366 2090 1593 2141; x_wconf 86' lang='lat' dir='ltr'>peccant.</span> 
     </span>
     <span class='ocr_line' id='line_1_21' title="bbox 297 2168 1816 2240; baseline -0.003 -15"><span class='ocrx_word' id='word_1_121' title='bbox 297 2174 515 2238; x_wconf 85' lang='lat' dir='ltr'>Optima</span> <span class='ocrx_word' id='word_1_122' title='bbox 539 2171 620 2224; x_wconf 91' lang='lat' dir='ltr'>sed</span> <span class='ocrx_word' id='word_1_123' title='bbox 642 2189 797 2237; x_wconf 88' lang='lat' dir='ltr'>quare</span> <span class='ocrx_word' id='word_1_124' title='bbox 821 2168 1065 2221; x_wconf 88' lang='lat' dir='ltr'>Cesennia</span> <span class='ocrx_word' id='word_1_125' title='bbox 1089 2169 1209 2221; x_wconf 90' lang='lat' dir='ltr'>teste</span> <span class='ocrx_word' id='word_1_126' title='bbox 1232 2172 1414 2222; x_wconf 87' lang='lat' dir='ltr'>marito</span> <span class='ocrx_word' id='word_1_127' title='bbox 1437 2171 1456 2220; x_wconf 85' lang='lat'>?</span> <span class='ocrx_word' id='word_1_128' title='bbox 1726 2190 1780 2238; x_wconf 85' lang='lat'>13</span> <span class='ocrx_word' id='word_1_129' title='bbox 1791 2191 1816 2240; x_wconf 81' lang='grc'><em>5</em></span> 
     </span>
     <span class='ocr_line' id='line_1_22' title="bbox 299 2265 1576 2334; baseline -0.001 -14"><span class='ocrx_word' id='word_1_130' title='bbox 299 2269 383 2320; x_wconf 89' lang='lat' dir='ltr'>Bis</span> <span class='ocrx_word' id='word_1_131' title='bbox 408 2269 684 2334; x_wconf 86' lang='lat' dir='ltr'>quingenta</span> <span class='ocrx_word' id='word_1_132' title='bbox 706 2266 860 2325; x_wconf 89' lang='lat' dir='ltr'>dedit,</span> <span class='ocrx_word' id='word_1_133' title='bbox 888 2267 1013 2316; x_wconf 89' lang='lat' dir='ltr'>tanti</span> <span class='ocrx_word' id='word_1_134' title='bbox 1035 2276 1176 2316; x_wconf 86' lang='lat' dir='ltr'>vocat</span> <span class='ocrx_word' id='word_1_135' title='bbox 1199 2265 1284 2315; x_wconf 91' lang='lat' dir='ltr'>ille</span> <span class='ocrx_word' id='word_1_136' title='bbox 1306 2267 1544 2330; x_wconf 90' lang='lat' dir='ltr'>pudicam</span> <span class='ocrx_word' id='word_1_137' title='bbox 1562 2291 1576 2326; x_wconf 88' lang='lat'>;</span> 
     </span>
     <span class='ocr_line' id='line_1_23' title="bbox 281 2358 1763 2427; baseline 0.003 -16"><span class='ocrx_word' id='word_1_138' title='bbox 281 2410 285 2411; x_wconf 18' lang='lat'><em>⁷</em></span> <span class='ocrx_word' id='word_1_139' title='bbox 301 2361 414 2414; x_wconf 88' lang='lat' dir='ltr'>Nec</span> <span class='ocrx_word' id='word_1_140' title='bbox 431 2361 638 2411; x_wconf 86' lang='lat' dir='ltr'>Veneris</span> <span class='ocrx_word' id='word_1_141' title='bbox 652 2359 896 2425; x_wconf 88' lang='lat' dir='ltr'>pharetris</span> <span class='ocrx_word' id='word_1_142' title='bbox 912 2377 1081 2411; x_wconf 86' lang='lat' dir='ltr'>macer</span> <span class='ocrx_word' id='word_1_143' title='bbox 1099 2358 1196 2417; x_wconf 79' lang='lat' dir='ltr'>est3</span> <span class='ocrx_word' id='word_1_144' title='bbox 1221 2372 1306 2410; x_wconf 82' lang='lat' dir='ltr'>aut</span> <span class='ocrx_word' id='word_1_145' title='bbox 1329 2360 1560 2427; x_wconf 86' lang='lat' dir='ltr'>lampade</span> <span class='ocrx_word' id='word_1_146' title='bbox 1580 2361 1763 2416; x_wconf 89' lang='lat' dir='ltr'>fervet:</span> 
     </span>
     <span class='ocr_line' id='line_1_24' title="bbox 304 2452 1455 2518; baseline -0.003 -10"><span class='ocrx_word' id='word_1_147' title='bbox 304 2456 428 2508; x_wconf 88' lang='lat' dir='ltr'>Inde</span> <span class='ocrx_word' id='word_1_148' title='bbox 452 2452 582 2504; x_wconf 86' lang='lat' dir='ltr'>faces</span> <span class='ocrx_word' id='word_1_149' title='bbox 607 2452 797 2512; x_wconf 90' lang='lat' dir='ltr'>ardent,</span> <span class='ocrx_word' id='word_1_150' title='bbox 833 2454 1042 2504; x_wconf 89' lang='lat' dir='ltr'>veniunt</span> <span class='ocrx_word' id='word_1_151' title='bbox 1065 2471 1093 2504; x_wconf 86' lang='lat' dir='ltr'>a</span> <span class='ocrx_word' id='word_1_152' title='bbox 1114 2453 1229 2504; x_wconf 94' lang='lat' dir='ltr'>dote</span> <span class='ocrx_word' id='word_1_153' title='bbox 1250 2453 1455 2518; x_wconf 85' lang='lat' dir='ltr'>sagittae.</span> 
     </span>
    </p>

    <p class='ocr_par' dir='ltr' id='par_1_12' title="bbox 307 2547 1516 2614">
     <span class='ocr_line' id='line_1_25' title="bbox 307 2547 1516 2614; baseline -0.001 -14"><span class='ocrx_word' id='word_1_154' title='bbox 307 2549 535 2601; x_wconf 86' lang='lat' dir='ltr'>Libertas</span> <span class='ocrx_word' id='word_1_155' title='bbox 558 2548 771 2599; x_wconf 86' lang='lat' dir='ltr'>emitur:</span> <span class='ocrx_word' id='word_1_156' title='bbox 807 2565 977 2600; x_wconf 82' lang='lat' dir='ltr'>coram</span> <span class='ocrx_word' id='word_1_157' title='bbox 999 2547 1116 2598; x_wconf 84' lang='lat' dir='ltr'>licet</span> <span class='ocrx_word' id='word_1_158' title='bbox 1139 2547 1330 2606; x_wconf 88' lang='lat' dir='ltr'>innuat,</span> <span class='ocrx_word' id='word_1_159' title='bbox 1367 2560 1516 2614; x_wconf 90' lang='lat' dir='ltr'>atque</span> 
     </span>
    </p>
   </div>
   <div class='ocr_carea' id='block_1_6' title="bbox 309 2646 1824 2791">
    <p class='ocr_par' dir='ltr' id='par_1_13' title="bbox 309 2646 1824 2791">
     <span class='ocr_line' id='line_1_26' title="bbox 309 2646 1824 2713; baseline -0.001 -11"><span class='ocrx_word' id='word_1_160' title='bbox 309 2647 583 2706; x_wconf 84' lang='lat' dir='ltr'>Rescribat,</span> <span class='ocrx_word' id='word_1_161' title='bbox 609 2646 760 2698; x_wconf 85' lang='lat' dir='ltr'>vidua</span> <span class='ocrx_word' id='word_1_162' title='bbox 786 2646 861 2697; x_wconf 75' lang='lat' dir='ltr'>est&#39;</span> <span class='ocrx_word' id='word_1_163' title='bbox 877 2646 1118 2711; x_wconf 77' lang='lat' dir='ltr'>locuples,</span> <span class='ocrx_word' id='word_1_164' title='bbox 1148 2665 1261 2713; x_wconf 84' lang='lat' dir='ltr'>quae</span> <span class='ocrx_word' id='word_1_165' title='bbox 1285 2647 1450 2713; x_wconf 84' lang='lat' dir='ltr'>nupfit</span> <span class='ocrx_word' id='word_1_166' title='bbox 1475 2666 1635 2701; x_wconf 83' lang='lat' dir='ltr'>avaro.</span> <span class='ocrx_word' id='word_1_167' title='bbox 1730 2668 1824 2710; x_wconf 88' lang='lat'>140</span> 
     </span>
     <span class='ocr_line' id='line_1_27' title="bbox 1717 2741 1822 2791; baseline 0 0"><span class='ocrx_word' id='word_1_168' title='bbox 1717 2741 1822 2791; x_wconf 87' lang='lat' dir='ltr'>Cur</span> 
     </span>
    </p>
   </div>
  </div>
 </body>
</html>
