1941 3363
450 191 864 282 JUVENALIS
913 203 1185 270 SATYRA
1220 213 1325 290 VI..
1591 221 1671 285 61

141 340 308 394 Altior
335 342 420 395 hic
444 363 597 411 quare
621 346 911 402 cincinnus?
948 362 1116 404 taurea
1139 357 1288 421 punit

140 442 397 494 Continuo
417 442 531 494 flexi
555 445 748 496 crimen
767 445 1060 516 facinusque
1082 454 1268 519 capilli.

136 540 275 610 Qid
294 540 463 592 Psecas
488 540 715 593 admisit?
750 563 983 610 quaenam
1007 547 1076 598 est
1097 548 1183 601 hic
1206 551 1353 619 culpa
1375 558 1571 622 puellae,

132 638 184 689 Si
209 638 302 689 tibi
328 638 577 704 displicuit
600 639 738 691 nasus
762 640 910 692 tuus?
943 642 1093 694 altera
1113 644 1294 699 laevum

129 734 390 795 Extendit‚
425 737 680 801 pectitque
700 754 887 796 comas,
921 749 971 788 et
990 738 1142 792 volvit
1166 744 1220 794 in
1243 747 1437 803 orbem.
1534 773 1598 820 49
1611 771 1635 819 ς

126 830 216 883 Est
244 832 297 882 in
321 832 524 883 consilio
546 845 788 890 matrona,
824 832 1127 901 admotaque
1151 837 1275 892 lanis

123 928 351 979 Emerita
375 945 485 992 quae
507 926 652 978 ceffat
676 945 765 978 acu
788 946 800 977 :
837 927 1078 981 sententia
1099 933 1263 996 prima

121 1027 291 1094 Hujus
315 1027 432 1084 erit;
470 1026 578 1090 post
600 1025 729 1076 hanc
751 1038 911 1086 aetate‚
945 1040 1094 1094 atque
1117 1043 1220 1082 arte
1244 1036 1463 1093 minores

119 1123 426 1183 Censebunt,
452 1135 694 1188 tanquam
716 1122 863 1174 famae
886 1123 1150 1177 discrimen
1174 1143 1365 1193 agatur,

118 1223 224 1274 Aut
248 1222 451 1274 animae:
489 1231 627 1271 tanta
649 1218 718 1270 est
740 1220 994 1284 quaerendi
1020 1240 1139 1273 cura
1161 1224 1370 1282 decoris,
1528 1256 1622 1304 500

113 1321 222 1371 Tot
247 1318 430 1385 premit
451 1316 726 1376 ordinibus,
763 1328 839 1368 tot
865 1316 1031 1369 adhuc
1053 1324 1399 1389 compagibus,
1426 1331 1585 1387 altum

110 1416 347 1468 AEdificat
368 1426 536 1480 caput,
571 1411 965 1465 Andromachen
994 1432 1022 1464 a
1045 1414 1211 1468 fronte
1233 1421 1441 1486 videbis,

106 1506 224 1558 Post
247 1506 414 1557 minor
439 1503 533 1564 est:
569 1502 736 1554 credas
761 1502 926 1553 aliam.
979 1504 1136 1565 Cedo,
1171 1507 1207 1559 fi
1231 1508 1377 1563 breve
1398 1519 1536 1581 parvi

106 1605 287 1656 Sortita
308 1603 378 1655 est
396 1601 560 1653 lateris
585 1599 818 1667 spatium,
853 1599 1146 1668 breviorque
1170 1605 1366 1659 videtur

103 1702 314 1768 Virgine
339 1700 587 1766 Pygmaea,
622 1699 768 1750 nullis
794 1697 959 1764 adjuta
985 1699 1243 1755 cothurnis
1259 1729 1276 1764 ς
1516 1730 1608 1781 505

100 1799 171 1851 Et
193 1799 312 1851 levis
335 1801 496 1849 erecta
517 1797 769 1863 consurgit
797 1796 858 1847 ad
880 1797 1044 1848 oscula
1063 1798 1251 1866 planta.

97 1894 256 1947 Nulla
273 1895 364 1946 viri
386 1912 503 1945 cura
526 1894 730 1951 interea,
767 1910 860 1943 nec
883 1893 1077 1944 mentio
1101 1893 1187 1946 fiet

94 1992 448 2044 Damnorum:
485 1990 607 2041 vivit
631 2002 872 2055 tanquam
890 1990 1054 2041 vicina
1075 1992 1242 2043 mariti
1253 2016 1270 2052 ;

93 2088 212 2140 Hoc
236 2087 336 2138 solo
358 2087 577 2153 propior,
613 2085 750 2151 quod
773 2085 963 2137 amicos
989 2083 1216 2151 conjugis
1245 2086 1372 2147 odit,

90 2185 161 2236 Et
183 2184 339 2235 servos
351 2206 367 2241 ;
404 2182 562 2248 gravis
587 2182 656 2232 est
677 2181 968 2232 rationibus.
1003 2182 1137 2233 Ecce
1160 2181 1370 2235 furentis
1507 2205 1601 2253 510

87 2279 319 2337 Bellonae,
355 2278 621 2342 matrisque
646 2275 819 2328 Deum
843 2276 1024 2327 chorus
1051 2276 1227 2335 intrat3
1264 2289 1313 2327 et
1338 2278 1513 2344 ingens

87 2366 315 2424 Semivir,
350 2365 583 2416 obscoeno
608 2364 756 2415 facies
780 2364 1043 2415 reverenda
1068 2364 1268 2424 minori,

85 2452 270 2504 Mollia
291 2453 378 2518 qui
402 2465 546 2518 rupta
569 2451 722 2503 secuit
746 2451 983 2516 genitalia
1006 2451 1127 2501 testa

83 2551 416 2616 Jampridem,
446 2551 528 2602 cui
553 2568 700 2602 rauca
723 2549 919 2608 cohorS,
955 2548 1037 2600 cui
1059 2561 1298 2615 tympana
1320 2550 1507 2604 cedunt

84 2648 300 2710 Plebeia‚
336 2663 385 2702 et
403 2649 620 2716 Phrygia
642 2649 844 2703 vestitur
868 2647 1028 2700 bucca
1052 2647 1189 2699 tiara.
1499 2668 1552 2715 51
1565 2668 1590 2715 ς

1386 2747 1591 2799 Grande
