1941 3363
245 245 278 286 2
586 223 1012 310 JUVENAms
1064 225 1331 286 SATYRA
1369 231 1411 285 Ι.

305 373 410 423 Cur
437 384 604 423 tamen
629 371 728 423 hoc
751 370 902 424 libeat
925 373 1091 439 potius
1117 373 1373 425 decurrere
1398 391 1595 439 campo,

241 472 335 523 Per
355 489 507 537 quem
528 489 741 536 magnus
765 452 915 536 equos
932 472 1181 521 Auruncae
1199 450 1336 522 flexit
1354 472 1600 531 alumnus,
1687 489 1750 521 20

243 573 293 622 Si
317 581 470 629 vacat,
498 582 545 621 et
565 569 749 635 placidi
774 570 1019 622 rationem
1043 570 1324 630 admittitis,
1346 570 1509 621 edam.

241 673 381 722 Cum
406 676 541 719 ten‘er
565 676 775 719 uxorem
799 667 948 719 ducat
971 667 1150 733 spado;
1185 668 1368 718 Maevia
1389 667 1618 719 Tuscum

243 769 391 836 Figat
415 787 612 836 aprum,
638 780 687 819 et
712 768 846 819 nuda
870 780 1038 820 teneat
1063 769 1304 820 venabula
1331 786 1586 827 mamma;

244 871 483 924 Patricios
508 886 683 920 omnes
713 868 893 934 opibus
917 887 1039 920 cum
1063 881 1297 934 provocet
1323 887 1469 928 unus,

247 971 368 1037 Q
393 968 630 1019 tondente
655 966 1004 1033 grax⁷isjuveni
1029 967 1159 1018 mihi
1183 968 1335 1018 barba
1361 967 1590 1025 sonabat;
1692 981 1749 1029 25

246 1075 387 1123 Cum
413 1087 523 1136 pars
553 1068 764 1119 Niliacae
787 1066 962 1133 plebis,
986 1085 1106 1117 cum
1129 1085 1276 1118 verna
1299 1068 1496 1134 Canopi

246 1169 522 1234 Crispinus,
548 1165 726 1230 Tyrias
745 1164 960 1216 humero
981 1177 1241 1215 revocante
1258 1164 1492 1223 lacernas,

245 1268 473 1321 Ventilet
491 1266 712 1318 aestivum
737 1263 906 1329 digitis
929 1263 1216 1315 sudantibus
1234 1282 1432 1323 aurum,

245 1368 360 1423 Nec
385 1362 584 1417 sufferre
607 1373 758 1428 queat
781 1359 980 1427 majoris
1004 1361 1224 1426 pondera
1241 1380 1457 1427 gemmae
1475 1384 1490 1420 ς

245 1464 470 1518 Difficile
494 1463 562 1514 est
580 1462 805 1526 Satyram
829 1476 930 1509 non
953 1457 1175 1510 scribere.
1223 1457 1364 1510 Nam
1385 1458 1496 1524 quis
1520 1457 1705 1522 iniquae

247 1569 385 1620 Tam
403 1563 593 1630 patiens
612 1558 765 1617 urbis,
792 1569 897 1608 tam
920 1555 1124 1623 ferreus,
1149 1570 1203 1608 ut
1225 1570 1390 1609 teneat
1412 1557 1491 1609 se?
1696 1573 1751 1621 31

249 1663 499 1720 Caufidici
522 1678 650 1712 nova
672 1678 792 1710 cum
816 1658 982 1708 veniat
1003 1655 1179 1707 lectica
1205 1657 1468 1708 Mathonis

248 1768 406 1821 Plena
428 1762 562 1831 ips03
599 1757 707 1825 post
731 1757 870 1808 hunc
894 1757 1066 1819 magni
1086 1754 1275 1805 delator
1297 1755 1466 1814 amici,

248 1866 319 1917 Et
336 1863 439 1915 cito
464 1870 690 1923 rapturus
710 1854 771 1904 de
792 1852 1050 1904 nobilitate
1073 1850 1268 1901 comesa

251 1959 407 2025 Qod
423 1952 632 2023 superest
642 1975 656 2011 ;
672 1969 828 2018 quem
839 1948 999 2000 Massa
1015 1950 1158 2000 timet
1168 1972 1182 2007 3
1196 1966 1350 2014 quem
1370 1965 1579 1998 munere
1593 1947 1761 2014 palpat

251 2062 431 2117 Carus,
454 2070 502 2108 et
527 2074 554 2106 a
577 2052 770 2119 trepido
793 2049 1049 2115 Thymele
1084 2047 1334 2099 summissa
1358 2048 1542 2099 Latino
1564 2068 1575 2099 :
1699 2050 1759 2112 36

252 2160 392 2210 Cum
417 2169 465 2207 te
489 2155 852 2209 summoveant,
880 2149 966 2214 qui
991 2147 1283 2198 testamenta
1307 2161 1564 2198 merentur

254 2255 525 2311 Νοξῒίἲῡιιε,
553 2253 603 2302 in
627 2249 814 2300 coelum
840 2264 962 2311 quos
990 2244 1173 2304 evehit,
1198 2244 1392 2310 optima
1420 2242 1602 2294 summi

250 2364 409 2417 Nunc
429 2361 506 2411 via
528 2356 790 2425 processus,
816 2353 991 2405 vetulae
1013 2353 1168 2403 vesica
1189 2353 1362 2402 beatae.

252 2458 528 2511 Unciolam
551 2453 839 2506 Proculeius
861 2450 1028 2509 habet,
1057 2449 1135 2500 sed
1156 2448 1296 2500 Gillo
1319 2449 1566 2499 deuncem
1586 2467 1596 2498 :
1697 2466 1764 2508 40

252 2558 423 2610 Partes
450 2553 655 2621 quisque
681 2552 783 2602 suas
808 2552 869 2601 ad
893 2548 1172 2600 mensuram
1194 2548 1414 2612 inguinis
1436 2547 1591 2598 l'iaeres

256 2655 504 2720 Accipiat,
528 2651 636 2702 sane
661 2650 945 2701 mercedem
971 2647 1236 2712 sanguiniS,
1260 2660 1310 2696 et
1335 2646 1399 2697 sic

258 2753 459 2811 Palleat,
486 2763 541 2802 ut
572 2735 716 2802 nudis
740 2748 905 2815 pressit
929 2747 1017 2814 qui
1038 2744 1252 2798 calcibus
1279 2761 1514 2808 anguem,

1658 2838 1767 2890 Aut
