1941 3363
264 271 388 335 1⁷32
577 244 991 335 JUVENALIS
1039 242 1316 306 SATYRA
1367 233 1539 302 XIII.

257 396 426 449 Nocte
452 395 632 460 dieque
655 393 804 444 suum
827 390 1012 457 gestare
1034 390 1084 440 in
1112 391 1310 454 pectore
1335 386 1530 439 testem.

261 491 504 557 Spartano
527 488 732 539 cuidam
758 485 1009 552 respondit
1033 483 1215 549 Pythia
1237 495 1396 540 vates;

260 586 419 639 Haud
441 585 756 651 impunitum
779 580 1040 648 quondam
1064 579 1188 639 fore,
1225 577 1364 644 quod
1389 575 1639 628 dubitaret
1690 590 1787 624 200

261 683 564 749 Depositum
587 682 816 743 retinere,
852 692 902 731 et
925 674 1279 743 fraudemjure
1304 676 1431 726 tueri

262 780 487 847 Jurando
510 799 522 831 :
560 777 812 845 quaerebat
836 777 975 828 enim
998 794 1109 841 quae
1132 774 1354 825 numinis
1379 771 1494 824 effet

262 876 448 933 Mens3
484 887 534 924 et
558 892 618 924 an
646 872 745 924 hoc
768 873 839 923 illi
864 871 1058 922 facinus
1085 869 1307 921 suaderet
1328 866 1531 933 Apollo.

263 972 507 1024 Reddidit
529 989 645 1035 ergo
671 983 828 1030 mem,
865 988 965 1022 non
991 969 1239 1026 moribus;
1276 978 1326 1018 et
1350 979 1520 1017 tamen
1545 981 1753 1017 omnem

263 1068 463 1118 Vocem
486 1066 620 1131 adyti
643 1066 851 1131 dignam
875 1064 1066 1129 templo
1088 1080 1359 1127 veramque
1383 1059 1632 1126 probavit,
1693 1077 1753 1109 20
1759 1075 1784 1124 5

263 1166 554 1217 Exstinctus
576 1176 682 1215 tota
701 1164 882 1230 pariter
906 1180 1025 1213 cum
1048 1160 1203 1226 prole,
1239 1161 1514 1225 domoque,

264 1263 336 1314 Et
359 1261 586 1328 quamvis
611 1259 762 1324 longa
783 1257 1007 1309 deduffls
1033 1262 1180 1321 gente
1202 1257 1516 1323 propinquis·

265 1358 376 1408 Has
403 1355 590 1422 patitur
613 1371 785 1420 poenas
809 1352 1051 1417 peccandi
1074 1351 1171 1402 sola
1192 1351 1438 1403 voluntas.

263 1451 425 1510 Nam,
461 1449 613 1501 scelus
638 1450 769 1500 intra
793 1447 840 1499 se
864 1448 1076 1498 tacitum
1099 1447 1186 1512 qui
1209 1447 1399 1511 cogitat
1421 1445 1605 1507 ullum,

264 1550 310 1602 F
311 1550 408 1601 acti
436 1549 628 1600 crimen
651 1546 818 1598 habet.
888 1545 1047 1604 Cedo,
1082 1545 1116 1596 fi
1139 1557 1318 1595 conata
1339 1544 1562 1610 peregit?

266 1647 514 1711 Perpetua
534 1643 773 1702 anxietas,
810 1659 901 1692 nec
925 1641 1106 1692 mensae
1130 1654 1356 1706 tempore
1378 1640 1546 1699 ceffat;

265 1743 522 1796 Faucibus
547 1754 603 1792 ut
629 1740 807 1791 morbo
832 1739 985 1799 ficciS,
1022 1741 1255 1806 interque
1278 1740 1490 1790 molares

265 1838 481 1890 Difficili
506 1836 750 1888 crescente
773 1835 905 1886 cibo.
975 1834 1071 1885 Sed
1093 1835 1208 1885 vina
1230 1835 1450 1886 misellus

266 1933 511 1999 Exspuit:
546 1932 736 1982 Albani
758 1930 933 1981 veteris
959 1930 1170 1994 pretiosa
1192 1930 1411 1981 senectus

266 2028 533 2095 Displicet.
581 2025 850 2087 *Ostendas
874 2024 1076 2084 melius,
1112 2025 1388 2076 denfiffima
1411 2042 1536 2090 ruga

268 2124 487 2188 Cogitur
510 2122 560 2171 in
582 2119 824 2179 frontem,
859 2118 996 2169 velut
1019 2120 1119 2169 acri
1142 2119 1293 2170 ducta
1314 2119 1543 2171 Falerno.

267 2219 325 2271 N
329 2220 438 2269 octe
461 2217 666 2267 brevem
689 2216 724 2266 fi
748 2215 879 2266 forte
901 2215 1105 2266 indulfit
1126 2233 1245 2266 cura
1267 2214 1514 2281 soporem,

266 2317 337 2370 Et
364 2328 471 2367 toto
498 2314 682 2365 versata
704 2326 813 2365 toro
829 2312 940 2379 jam
964 2312 1194 2364 membra
1218 2313 1502 2378 quiescunt,

268 2412 528 2464 Continuo
553 2409 823 2473 templum,
859 2420 909 2458 et
930 2408 1097 2459 violati
1120 2410 1342 2459 numinis
1368 2428 1491 2468 aras,

265 2510 355 2567 Et,
392 2505 532 2573 quod
555 2506 821 2571 praecipuis
846 2518 1071 2555 mentem
1098 2505 1358 2556 sudoribus
1385 2518 1546 2571 urget,

268 2605 350 2656 Te
374 2603 508 2654 videt
532 2602 581 2652 in
607 2601 808 2652 somnis.
879 2602 994 2651 Tua
1017 2602 1146 2652 sacra
1180 2613 1231 2651 et
1256 2601 1414 2667 major
1434 2605 1605 2669 imago

266 2702 509 2754 Humana
535 2698 702 2750 turbat
725 2697 987 2765 pavidum,
1024 2698 1262 2763 cogitque
1288 2697 1449 2751 fateri.

1697 1556 1792 1594 210

1696 2042 1789 2090 2¹5

1697 2526 1794 2562 220
