1941 3363
245 201 382 262 188
662 198 917 260 PERSII
988 198 1275 260 SATYRA
1338 203 1436 261 VL

244 343 431 396 Infelix
459 341 630 409 pecori
654 341 852 392 securus
875 352 943 400 et,
968 341 1182 407 angulus
1206 342 1293 394 ille

243 439 417 491 Vicini
442 436 608 489 nostro
631 436 751 501 quia
772 436 1007 501 pinguior
1019 458 1036 494 3
1073 449 1124 486 et
1146 436 1182 487 fi
1207 436 1330 488 adeo
1354 453 1530 488 omnes

243 536 508 590 Ditescant
532 532 629 583 orti
652 530 921 597 pejoribuS‚
947 530 1104 597 usque
1127 531 1354 583 recusem
1712 550 1770 598 15

242 634 443 684 Curvus
466 629 532 681 ob
554 628 609 679 id
631 627 795 678 minui
816 627 966 687 seni0,
992 640 1076 678 aut
1102 646 1297 679 coenare
1320 627 1420 679 fine
1444 630 1616 688 und'to,

243 732 317 784 Et
338 731 537 796 fignum
560 728 615 779 in
641 726 821 793 vapida
844 726 959 778 naso
985 725 1200 793 tetigiffe
1220 726 1417 792 lagena.

241 830 506 894 Discrepet
527 826 609 878 his
634 826 777 877 alius,
815 825 1084 884 GeminOS,
1110 823 1401 892 horoscope,
1428 843 1547 877 varo

241 929 484 982 Producis
510 925 680 993 genio,
709 923 834 976 Solis
856 923 1123 984 natalibus,
1153 923 1224 975 est
1247 924 1339 991 qui

242 1027 438 1091 Tingat
460 1024 572 1075 olus
595 1023 784 1074 ficcum
806 1021 971 1072 muria
992 1020 1128 1073 vafer
1151 1022 1205 1074 in
1228 1023 1384 1075 calice
1407 1035 1598 1089 empta,
1709 1038 1775 1074 20

238 1123 355 1190 Ipse
376 1122 570 1173 sacrum
594 1120 806 1171 irrorans
831 1117 1013 1184 patinae
1036 1117 1208 1184 piper:
1233 1118 1317 1170 hic
1341 1118 1474 1169 bona
1498 1118 1650 1170 dente

241 1218 475 1273 Grandia
495 1215 854 1282 magnanimus
880 1215 1076 1280 peragit
1100 1232 1245 1280 puer.
1281 1216 1429 1275 Utar,
1455 1234 1550 1281 ego
1574 1226 1705 1277 utar,

240 1316 358 1369 Nec
383 1313 625 1366 rhombos
649 1312 762 1363 ideo
783 1310 974 1362 libertis
998 1328 1187 1376 ponere
1209 1310 1397 1372 lautUS,

241 1415 358 1468 Nec
382 1425 591 1466 tenuem
612 1410 757 1463 solers
782 1410 1048 1462 turdarum
1068 1409 1203 1461 nosse
1226 1409 1445 1462 salivam.

241 1507 403 1562 Meffe
429 1519 574 1558 tenus
601 1504 802 1571 propria
825 1503 953 1563 vive,
978 1515 1027 1555 et
1050 1503 1292 1569 granaria,
1317 1502 1391 1554 fas
1415 1501 1502 1564 est,
1712 1518 1771 1568 25

240 1605 425 1657 Emole
436 1627 452 1664 3
479 1602 605 1670 quid
625 1602 850 1654 metuas?
870 1619 1007 1662 occa,
1025 1614 1075 1653 et
1096 1601 1229 1667 seges
1254 1602 1407 1654 altera
1428 1602 1481 1653 in
1500 1600 1657 1653 herba
1679 1600 1767 1653 est.

240 1704 336 1758 Ast
357 1715 502 1756 vocat
524 1702 784 1754 officium:
810 1700 948 1752 trabe
972 1713 1137 1767 rupta,
1162 1701 1358 1752 Bruttia
1380 1700 1492 1752 saxa

242 1803 450 1856 Prendit
473 1802 665 1853 amicus
692 1801 870 1867 inops3
900 1817 1111 1865 remque
1134 1817 1344 1850 omnem
1368 1798 1613 1867 surdaque
1634 1810 1751 1852 vota

244 1902 491 1956 Condidit
514 1901 658 1952 Ionio
669 1924 685 1959 3
704 1898 841 1966 jacet
864 1899 964 1964 ipse
986 1899 1039 1948 in
1062 1897 1246 1959 littore,
1273 1911 1323 1949 et
1346 1917 1446 1951 una

241 2002 478 2067 Ingentes
501 2000 563 2051 de
585 2016 756 2064 puppe
777 1996 879 2049 Dei
894 2020 908 2056 3
926 1995 1139 2063 jamque
1163 1998 1309 2049 obvia
1332 1999 1520 2065 mergis
1738 2016 1806 2065 30

243 2100 397 2153 Costa
418 2099 533 2150 ratis
558 2098 748 2150 lacerae.
789 2094 946 2147 Nunc
976 2108 1025 2146 et
1061 2096 1123 2146 de
1146 2096 1329 2163 cespite
1351 2098 1469 2150 vivo

243 2197 443 2261 Frange
467 2194 658 2261 aliquid
672 2217 686 2253 3
713 2192 894 2257 largire
917 2191 1075 2258 inopi,
1101 2210 1163 2242 ne
1187 2193 1351 2258 pictus
1376 2193 1575 2245 oberret

244 2292 479 2347 Coerulea
506 2291 559 2341 in
592 2288 779 2341 tabula.
813 2288 909 2339 Sed
941 2306 1142 2340 coenam
1164 2287 1356 2341 funeris
1386 2288 1544 2340 haeres

243 2385 490 2453 Negliget
514 2385 684 2443 iratu5,
713 2382 849 2448 quod
881 2400 990 2432 rem
1018 2383 1287 2434 curtaveris
1296 2406 1311 2442 3
1341 2401 1477 2434 urnae

247 2482 367 2534 offa
391 2480 599 2532 inodora
624 2478 765 2529 dabit
779 2501 793 2537 3
820 2477 903 2529 seu
924 2478 1108 2543 spirent
1129 2477 1364 2529 cinnama
1383 2477 1605 2539 surdum,
1707 2496 1769 2546 35

246 2581 342 2631 Seu
363 2577 528 2631 ceraso
550 2586 761 2641 peccent
785 2573 936 2634 cafiae,
961 2572 1146 2624 nescire
1169 2585 1389 2639 paratus·

246 2678 400 2729 Tune
424 2675 557 2727 bona
579 2673 847 2726 incolumis
874 2671 1108 2725 minuas?
1143 2670 1223 2724 sed
1249 2671 1437 2726 Bestius
1461 2684 1610 2739 urget

1628 2767 1771 2821 Doc-
