1941 3363
430 215 851 302 JUVENAL1S
898 221 1176 285 SATYRA
1224 231 1371 286 XIV.
1523 250 1652 311 139

127 358 366 425 Pauperis
390 359 482 411 effe
502 373 647 427 putat
656 386 672 422 3
700 360 908 428 juvenes
931 365 1178 427 hortatur,
1214 381 1270 421 ut
1292 368 1433 422 illam

125 457 204 508 Ire
226 457 359 509 viam
383 472 610 525 pergant,
646 473 695 511 et
718 461 884 513 eidem
903 463 1196 516 incumbere
1219 467 1378 520 sectae.

126 556 255 606 Sunt
278 556 511 622 quaedam
532 559 770 611 vitiorum
793 561 1040 612 elementa
1060 582 1071 613 :
1108 563 1186 614 his
1211 568 1441 630 protinus
1464 568 1576 622 illos

123 653 336 713 Imbuit‚
373 667 423 706 et
446 656 584 721 cogit
605 657 842 709 minimas
868 658 1077 710 ediscere
1101 659 1262 713 sordes
1284 682 1298 715 :

121 749 257 800 Mox
281 751 569 815 acquirendi
591 751 739 803 docet
759 752 1032 804 insatiabile
1055 765 1249 806 votum.
1552 776 1610 813 12
1616 778 1646 827 ς

124 844 392 896 Servorum
417 857 610 896 ventres
634 846 806 897 modio
830 845 1034 911 castigat
1054 847 1251 913 iniqu0,

123 940 234 1004 Ipse
259 959 461 1006 quoque
484 941 726 993 esuriens:
762 959 926 1008 neque
949 944 1088 994 enim
1110 944 1283 996 omnia
1315 945 1520 1001 sustinet
1549 963 1648 1003 un-

121 1035 336 1087 Mucida
361 1036 564 1088 coerulei
586 1038 727 1102 panis
749 1037 1040 1089 consumere
1062 1038 1232 1100 frusta,
1463 1044 1647 1111 [quam

120 1130 428 1183 Hesternum
451 1131 622 1183 solitus
646 1132 817 1183 medio
840 1132 1025 1184 servare
1048 1134 1263 1186 minutal

119 1226 419 1293 Septembri,
455 1246 548 1279 nec
572 1245 675 1278 non
698 1226 898 1279 differre
917 1228 971 1279 in
993 1240 1224 1295 tempora
1243 1249 1399 1284 coenae
1550 1253 1645 1301 130

119 1322 362 1383 AlteriuS,
399 1322 648 1376 conchem
673 1323 825 1375 aestivi
847 1341 968 1375 cum
993 1336 1133 1390 parte
1154 1324 1326 1379 lacerti

120 1418 395 1492 S-ignatam,
429 1419 508 1470 vel
530 1419 743 1470 dimidio
765 1419 1004 1486 putrique
1027 1419 1195 1480 siluro,

120 1517 331 1583 Filaque
355 1516 519 1568 sectivi
544 1528 809 1568 numerata
827 1517 1081 1569 includere
1105 1519 1259 1584 porri.

119 1617 425 1670 Invitaturus
450 1615 511 1666 ad
535 1613 642 1666 haec
668 1613 847 1680 aliquis
872 1614 934 1665 de
956 1626 1110 1681 ponte
1132 1617 1354 1681 negabit.

121 1715 216 1766 Sed
239 1731 344 1780 quo
367 1712 560 1764 divitias
581 1710 690 1762 haec
712 1729 800 1777 per
822 1722 1074 1763 tormenta
1097 1716 1291 1766 coactas
1304 1739 1321 1774 3
1548 1739 1638 1789 135

120 1813 261 1863 Cum
282 1812 422 1862 furor
443 1809 578 1862 haud
602 1809 800 1869 dubim,
836 1828 957 1862 cum
980 1809 1038 1861 fit
1061 1811 1320 1864 manifesta
1343 1814 1608 1881 phrenefi8‚

119 1906 197 1957 Ut
215 1904 440 1971 locuples
464 1903 708 1963 moriariS‚
743 1905 913 1968 egenti
935 1905 1095 1957 vivere
1120 1906 1251 1960 fato?

120 2007 317 2059 Interea
339 2005 489 2072 pleno
510 2023 630 2056 cum
649 2016 819 2069 turget
841 2005 1062 2058 sacculus
1083 2025 1186 2068 ore,

120 2100 310 2152 Crescit
332 2118 473 2151 amor
496 2099 715 2159 nummi,
751 2111 1002 2165 quantum
1025 2100 1126 2166 ipsa
1148 2103 1360 2168 pecunia
1381 2104 1584 2159 crescit:

117 2199 190 2250 Et
211 2197 379 2248 minus
401 2195 533 2247 hanc
555 2207 714 2262 optat,
748 2196 839 2260 qui
864 2214 966 2246 non
989 2195 1159 2250 habet.
1227 2199 1365 2265 Ergo
1390 2214 1591 2266 paratur

120 2295 295 2348 Altera
316 2292 433 2344 villa
453 2292 564 2352 tibi,
601 2311 720 2343 cum
744 2310 826 2342 rus
850 2310 951 2343 non
978 2293 1157 2345 sufficit
1178 2313 1356 2357 unum,
1548 2317 1633 2359 141

120 2392 192 2444 Et
213 2390 432 2457 proferre
453 2389 576 2441 libet
601 2389 723 2441 fines
741 2414 757 2450 ς
795 2388 1055 2456 majorque
1076 2391 1272 2443 videtur

122 2489 193 2541 Et
216 2487 392 2539 melior
412 2488 576 2539 vicina
597 2487 748 2554 seges.
815 2487 1058 2539 Mercaris
1081 2500 1131 2539 et
1154 2488 1302 2550 hanc,
1338 2502 1391 2543 et

122 2588 354 2647 Arbusta‚
389 2600 439 2639 et
462 2587 608 2639 densa
631 2599 862 2638 montem
884 2587 973 2653 qui
995 2600 1139 2638 canet
1163 2587 1325 2642 oliva:

125 2690 362 2761 Qorum
384 2688 419 2740 fi
440 2688 600 2756 pretio
625 2687 859 2741 dominus
883 2705 985 2740 non
1008 2687 1229 2742 vincitur
1258 2688 1379 2747 uno,
1530 2701 1636 2753 ‘145

1473 2779 1639 2833 Nocte
