1941 3363
1524 207 1650 279 1:59

173 402 278 479 A.
330 402 918 481 PERSIUS
981 400 1647 480 FLACCUS.

339 581 494 632 UIC
537 579 694 633 etiam
729 579 959 652 tempori
1000 580 1145 631 velut
1183 577 1447 632 ostensum
1487 580 1652 632 modo

370 660 647 733 ingenium
693 661 847 714 Persii
892 664 1084 723 Poetae,
1139 659 1339 712 addidit
1377 678 1490 713 non
1541 660 1652 713 exi-

168 762 331 816 guam
357 744 616 814 gloriam:
657 742 751 815 qui
784 742 966 795 itidem
998 755 1145 795 extra
1180 743 1369 795 urbem
1406 754 1565 794 natus
1599 752 1653 794 et

167 828 420 880 educatus
446 826 534 879 vix
569 824 885 879 duodecimo
918 826 1137 878 demum
1173 843 1318 878 anno
1355 824 1480 877 illuc
1521 839 1651 877 conv*-

167 909 308 963 cessit
324 934 342 971 ;
390 921 442 960 et
481 908 538 960 in
566 908 840 979 praeclaras
874 906 1090 979 quidem
1122 906 1248 960 alias
1281 905 1538 959 amicitias
1565 905 1652 958 in-

166 990 401 1053 finuanS,
445 989 529 1042 sed
572 988 836 1062 praecipue
876 990 1079 1042 delatus
1126 988 1182 1041 in
1234 987 1651 1042 familiaritatem

166 1072 416 1128 intimam
465 1073 712 1136 Cornuti,
753 1071 878 1125 huic
917 1073 1031 1125 viro
1071 1071 1366 1125 doctiffimo
1406 1084 1458 1125 et
1499 1074 1652 1124 Grae-

164 1154 241 1209 cis
278 1155 473 1210 deliciis
509 1154 858 1218 refertiffimo,
899 1166 962 1207 ut
994 1153 1259 1226 hodieque
1299 1173 1362 1207 ex
1396 1153 1531 1208 libro
1565 1155 1651 1207 su-

166 1236 377 1309 perstite
415 1234 635 1307 judicari
674 1236 860 1308 potest,
908 1235 1271 1306 agglutinatus
1323 1234 1445 1288 fuit.
1522 1236 1653 1288 Inde

166 1338 336 1391 quum
363 1317 674 1390 contigisset,
702 1331 764 1372 ut
791 1319 847 1372 in
875 1319 1046 1372 Perfio
1070 1318 1421 1390 jungerentur
1445 1316 1654 1390 po'e'tica

166 1418 220 1457 et
259 1403 610 1477 philosophia,
653 1402 800 1457 dictu
841 1403 1081 1457 mirabile
1123 1404 1212 1467 est,
1250 1415 1455 1476 quanto
1494 1422 1653 1476 opere

165 1498 452 1558 utramque
495 1497 617 1539 tum
660 1485 861 1558 paffim,
908 1498 1027 1539 tum
1072 1485 1303 1538 maxime
1348 1485 1405 1539 in
1449 1485 1650 1558 paucis,

166 1587 300 1642 quas
328 1567 542 1640 reliquit
574 1568 773 1641 satyriS‚
809 1568 904 1622 otii
938 1568 1015 1622 sui
1054 1569 1187 1621 bene
1219 1567 1373 1640 pofiti
1410 1568 1650 1642 pignori-

166 1653 266 1719 bus
305 1650 530 1704 exserere
566 1651 820 1724 potuerit,
857 1664 977 1705 tum
1019 1670 1129 1705 rem
1172 1652 1468 1724 quamlibet
1507 1652 1649 1724 opti-

166 1752 252 1787 me
303 1733 629 1804 complexuS,
676 1733 845 1786 verbis
891 1733 1202 1787 notabiliter
1248 1733 1542 1797 adstri5tu3,
1590 1745 1653 1786 ut

164 1817 347 1891 paucis
375 1828 585 1870 notaret
612 1816 861 1889 plurima,
890 1831 942 1870 et
969 1817 1025 1870 in
1052 1817 1303 1889 eligendis
1339 1818 1447 1871 sani
1475 1817 1651 1871 omni-

167 1921 242 1954 no
267 1899 465 1970 judicii,
496 1901 639 1953 unde
669 1919 780 1952 non
807 1900 1060 1972 poenituit
1086 1900 1258 1973 ipsum
1284 1900 1516 1954 Isaacum
1546 1904 1651 1954 Ca*-

164 1982 463 2035 saubonum
508 1994 621 2034 tam
671 1980 876 2053 copiose
920 1981 1195 2054 exspatiari
1230 1983 1295 2035 ad
1334 1982 1517 2035 omnia
1561 1982 1652 2036 illa

168 2062 273 2116 tria
311 2064 641 2127 declaranda,
689 2063 808 2116 sane
852 2063 1074 2135 cognitu
1117 2083 1231 2116 non
1276 2064 1437 2135 digna
1483 2065 1652 2137 magis

166 2165 331 2218 quarn
366 2145 657 2200 necessaria.
736 2146 847 2218 Ipse
888 2147 1102 2201 interim
1138 2148 1195 2200 in
1228 2147 1348 2200 vitae
1382 2148 1655 2202 sanctitate

167 2230 337 2282 lautas
372 2248 495 2302 opes
528 2229 804 2301 possidenS,
844 2229 980 2282 circa
1007 2230 1333 2300 trigesimum
1362 2230 1529 2283 aetatis
1555 2250 1652 2283 an-

165 2329 300 2364 num
328 2324 510 2383 raptus
550 2311 794 2364 traditur.
872 2314 942 2363 Et
983 2312 1048 2364 fic
1085 2314 1218 2365 bene
1259 2312 1508 2366 convenit
1538 2313 1651 2366 haec

168 2393 379 2464 effigieS,
409 2394 553 2465 quasi
581 2394 891 2465 lanuginem
921 2394 1121 2447 densari
1154 2406 1205 2447 et
1228 2394 1540 2448 crebrescere
1567 2395 1652 2448 in·-

167 2474 450 2546 cipientem
478 2477 651 2529 adhuc
679 2476 928 2530 retinens,
1005 2478 1103 2530 Sed
1138 2496 1301 2549 quam
1334 2477 1541 2532 difficile
1569 2497 1653 2531 ar-

167 2571 490 2627 gumentum
531 2560 623 2612 fibi
663 2559 835 2631 ponit,
887 2558 980 2629 qui
1019 2560 1257 2613 tabulam
1298 2578 1652 2614 marmoream

131 2709 134 2713 ⁴
168 2640 248 2691 vel
275 2639 555 2695 faberrime
581 2642 843 2715 sculptam
874 2640 1135 2713 reperiens
1164 2642 1350 2713 utique
1385 2642 1476 2695 fibi
1512 2655 1562 2696 et
1596 2661 1652 2694 a-

1566 2723 1649 2776 liis
