1941 3363
342 250 825 336 JUVENALrs‘
873 251 1163 315 SATYRA
1199 256 1344 312 V111.
1585 249 1660 310 81
1709 321 1711 324 ι

143 394 303 446 Rarus
328 398 467 448 enim
486 397 645 449 ferme
667 397 826 449 sensus
847 400 1134 451 communis
1158 395 1320 450 inilla

140 488 393 541 Fortuna:
429 491 508 542 sed
531 503 580 543 te
599 492 781 543 censeri
804 492 947 544 laude
971 504 1196 552 tuorum,

142 580 364 641 Pontice,
399 584 666 643 noluerim,
702 586 765 636 fic
790 597 844 636 ut
870 585 994 636 nihil
1021 585 1119 651 ipse
1142 585 1324 636 futurae
1583 599 1610 647 7
1618 598 1642 647 ς

141 673 328 727 Laudis
352 696 483 742 agas.
551 679 798 731 Miserum
822 678 889 728 est
909 678 1121 729 aliorum
1145 678 1437 730 incumbere
1458 677 1621 736 famae,

142 769 227 822 Ne
249 773 459 839 collapsa
482 788 627 826 ruant
650 774 899 825 subductis
925 777 1052 825 tecta
1074 775 1341 826 columnis.

144 864 333 917 Stratus
356 866 503 918 humi
525 868 713 934 palmes
747 868 917 918 viduas
941 868 1178 919 desiderat
1202 867 1384 918 ulmos.

144 963 266 1014 Esto
287 963 446 1014 bonus
470 963 631 1023 miles,
667 974 807 1014 tutor
831 963 1010 1024 bonus,
1046 964 1227 1015 arbiter
1249 964 1389 1015 idem

145 1058 377 1122 Integer:
414 1057 661 1123 ambiguae
693 1059 727 1110 fi
751 1059 954 1125 quando
978 1059 1191 1111 citabere
1216 1058 1347 1111 testis
1589 1062 1650 1108 80

145 1155 457 1220 Incertaeque
480 1156 567 1214 rei,
602 1154 822 1207 Phalaris
844 1157 961 1207 licet
984 1159 1199 1221 imperet
1223 1168 1279 1207 ut
1303 1156 1361 1207 fis

146 1250 333 1311 FalsuS,
368 1263 418 1302 et
441 1251 644 1303 admoto
667 1251 822 1304 dictet
844 1251 1057 1320 perjuria
1082 1265 1240 1312 taur0,

147 1352 421 1402 Summum
443 1350 585 1402 crede
608 1351 744 1403 nefas
769 1352 992 1403 animam
1014 1352 1242 1418 praeferre
1265 1343 1464 1418 pudori,

149 1450 215 1500 Et
239 1461 442 1515 propter
466 1450 621 1501 vitam
643 1449 843 1501 vivendi
867 1448 1070 1515 perdere
1093 1447 1275 1500 causas.

151 1548 353 1613 Dignus
377 1559 537 1599 morte
556 1549 703 1613 perit,
739 1559 904 1599 coenet
927 1546 1043 1598 licet
1064 1546 1220 1598 ostrea
1241 1558 1450 1599 centum
1597 1550 1621 1596 8
1631 1562 1656 1610 5

151 1645 404 1704 Gaurana,
438 1657 489 1696 et
508 1644 679 1696 Cosmi
700 1656 808 1696 toto
832 1655 1087 1709 mergatur
1109 1643 1288 1696 ahen0.
1423 1626 1425 1628 .

151 1743 447 1809 Exspectata
470 1743 556 1794 diu
580 1743 784 1794 tandem
807 1728 1062 1809 provincia
1083 1761 1205 1793 cum
1231 1755 1280 1794 te

153 1843 427 1894 Re&orem
450 1843 676 1908 accipiet,
711 1860 841 1908 pone
866 1843 949 1892 irae
973 1840 1125 1892 fraena
1147 1841 1481 1907 modumque,

155 1939 293 1990 Pone
316 1951 365 1990 et
388 1939 597 1990 avaritiae
606 1962 621 1998 3
657 1937 885 1989 miserere
905 1938 1117 2003 inopum
1143 1937 1407 1988 sociorum.

158 2036 275 2088 offa
297 2036 429 2088 vides
453 2054 631 2101 regum
652 2035 818 2086 vacuis
840 2033 1036 2085 exsucta
1061 2033 1308 2085 medullis.
1602 2046 1666 2092 90

158 2134 384 2200 Respice,
419 2132 546 2199 quid
564 2145 802 2183 moneant
821 2131 971 2196 leges,
1008 2131 1130 2197 quid
1150 2132 1287 2181 curia
1307 2129 1534 2189 mandet3

159 2229 369 2280 Praemia
394 2240 581 2295 quanta
605 2228 763 2278 bonos
788 2238 1022 2276 maneant
1034 2249 1049 2285 3
1080 2244 1236 2290 quam
1260 2225 1480 2276 fulmine
1495 2223 1630 2290 justo

160 2326 230 2376 Et
250 2326 430 2391 Capito
453 2337 503 2375 et
525 2323 768 2374 Numitor
794 2323 999 2381 ruerint,
1036 2321 1303 2372 damnante
1326 2319 1512 2380 senatu,

161 2419 336 2470 Piratae
360 2418 597 2470 Cilicum.
667 2416 762 2467 Sed
783 2417 903 2482 quid
930 2416 1184 2466 damnatio
1207 2414 1418 2474 confert,

164 2518 302 2569 Cum
325 2515 478 2566 Pansa
499 2514 674 2579 eripiat
698 2513 946 2579 quicquid
970 2512 1064 2563 tibi
1089 2512 1243 2563 Natta
1268 2512 1505 2578 reliquit?
1607 2528 1666 2576 95

164 2613 469 2669 Praeconem,
505 2609 791 2675 Chaerippe,
828 2610 926 2659 tuis
950 2607 1273 2673 circumspice
1300 2608 1493 2672 pannis,

163 2708 382 2774 Jamque
409 2719 531 2758 tace.
598 2706 759 2756 Furor
781 2704 848 2755 est
873 2704 981 2771 post
1002 2705 1173 2755 omnia
1196 2703 1396 2769 perdere
1422 2702 1646 2763 naulum.

579 2797 584 2802 ’
935 2802 980 2852 F
1537 2798 1662 2850 Non
