1941 3363
391 211 844 298 JUVENALls
902 215 1206 277 SATYRA
1258 229 1350 281 VI.
1534 241 1622 307 43

112 358 254 427 Qd
271 359 377 414 fieri
393 381 495 416 non
520 364 654 430 posse
674 380 839 433 puteS,
866 370 900 421 fi
920 368 1157 436 jungitur
1181 370 1283 422 ulla

109 454 347 508 Ursidio?
381 459 417 509 fi
443 459 768 515 rnoechorum
794 465 1077 517 notiffimus
1105 466 1233 517 olim

107 547 269 601 Stulta
290 555 505 608 maritali
514 554 625 621 jam
649 562 860 626 porrigit
883 579 968 612 ora
995 562 1227 625 capistro,

108 645 280 714 Qm
306 653 454 704 toties
473 656 598 706 texit
621 658 832 721 perituri
851 656 970 707 cista
988 658 1194 708 Latini?

106 737 266 808 Qd‚
293 745 432 808 quod
455 759 505 798 et
526 748 748 815 antiquis
778 765 905 799 uxor
927 748 989 799 de
1011 750 1240 802 moribus
1257 750 1333 803 illi
1553 760 1626 820 45

105 834 398 902 Qaeritur?
433 844 464 894 ὂ
489 844 675 897 medici
700 846 924 896 mediam
951 846 1242 912 pertundite
1265 866 1474 903 venam:

101 935 322 987 Delicias
345 937 595 990 hominis!
632 940 913 1006 Tarpeium
933 940 1093 993 limen
1116 942 1264 994 adora

100 1030 312 1093 Pronus,
338 1046 388 1085 et
411 1046 636 1086 auratam
660 1036 857 1103 Junoni
880 1035 1318 1104 caedejuvencam,

99 1127 150 1178 Si
174 1128 268 1180 tibi
290 1132 559 1195 contigerit
581 1133 759 1197 capitis
778 1144 1006 1184 matrona
1030 1133 1224 1199 pudici.

95 1222 274 1276 Paucae
294 1225 416 1277 adeo
436 1229 630 1279 Cereris
653 1229 802 1280 vittas
825 1229 1120 1293 contingere
1144 1228 1327 1294 dignae,
1547 1248 1609 1297 50

94 1320 329 1388 Qrum
351 1340 454 1373 non
488 1324 664 1375 timeat
691 1335 831 1389 pater
853 1321 1033 1374 oscula.
1068 1322 1231 1375 Νεᾶὶε
1253 1342 1495 1378 coronam

91 1416 343 1479 Postibus,
362 1431 412 1471 et
435 1418 606 1471 densos
631 1439 720 1487 per
742 1420 924 1472 limina
954 1419 1102 1471 tende
1119 1420 1404 1487 corymbos·

92 1511 242 1562 Unus
262 1513 471 1564 Iberinae
495 1515 571 1565 vir
595 1513 777 1566 sufficit
800 1515 818 1564 ?
852 1533 1005 1581 ocyus
1028 1515 1156 1568 illud

90 1606 451 1674 Extorquebis‚
478 1620 534 1660 ut
556 1608 663 1661 haec
681 1610 831 1661 oculo
847 1623 1085 1662 contenta
1105 1611 1161 1663 fit
1185 1630 1307 1665 uno.

87 1703 283 1769 Magna
302 1717 471 1758 tamen
495 1705 630 1758 fama
652 1706 722 1758 est
744 1704 1003 1773 cujusdam
1023 1725 1135 1759 rure
1153 1720 1363 1774 paterno
1545 1728 1603 1777 55

87 1798 316 1852 Viventis
344 1821 355 1852 :
391 1803 523 1854 vivat
548 1802 747 1862 Gabiis,
773 1815 831 1854 ut
853 1803 978 1854 vixit
999 1803 1052 1854 in
1074 1821 1209 1868 agr0,

85 1895 237 1946 Vivat
256 1896 477 1957 Fidenis,
503 1909 554 1949 et
575 1897 736 1964 agello
753 1897 878 1949 cedo
906 1908 1131 1962 paterno.

87 1994 216 2065 Qs
242 2005 412 2046 tamen
436 1996 670 2056 affirmat,
691 1997 764 2048 nil
784 1999 956 2048 actum
974 1997 1027 2048 in
1042 1996 1324 2058 montibuS,
1340 2009 1426 2049 aut
1443 1999 1497 2050 in

85 2093 382 2161 Speluncis?
418 2093 541 2145 adeo
565 2093 832 2146 senuerunt
850 2094 1066 2159 Jupiter,
1093 2105 1143 2144 et
1166 2093 1306 2144 Mars
1334 2092 1353 2143 ?

81 2187 425 2240 Porticibusne
449 2188 545 2239 tibi
570 2187 877 2239 monstratur
898 2186 1109 2239 foemina
1131 2198 1248 2238 voto
1535 2191 1599 2240 60

79 2284 254 2349 Digna
275 2296 364 2337 tuo
388 2285 405 2335 ?
439 2284 612 2336 cuneis
637 2301 698 2334 an
721 2282 910 2336 habent
932 2283 1210 2350 spectacula
1232 2284 1350 2336 totis

80 2381 235 2450 Qd
252 2382 449 2434 securus
473 2399 626 2442 ameS,
652 2380 893 2447 quodque
924 2381 1041 2432 inde
1063 2398 1327 2447 excerpere
1355 2379 1499 2446 poffis
1520 2379 1539 2429 ?

78 2476 463 2530 Cheironomon
487 2477 682 2529 Ledam
705 2478 850 2528 molli
872 2477 1074 2528 saltante
1095 2475 1329 2541 Bathyllo

76 2576 272 2627 Tuccia
293 2577 458 2627 veficae
490 2594 593 2627 non
615 2576 832 2640 imperat
849 2597 864 2633 ;
899 2574 1105 2640 Appula
1137 2573 1330 2638 gannit,

78 2675 131 2728 Si
144 2688 232 2727 cut
255 2674 308 2726 in
333 2673 602 2741 amplexu:
638 2671 861 2726 subitum
883 2683 932 2724 et
957 2671 1233 2723 miserabile
1254 2670 1470 2736 longum
1548 2672 1579 2720 6
1584 2688 1610 2736 5

1404 2776 1589 2826 Atten-
