1941 3363
226 303 310 363 70
548 276 975 368 JUVENALrs
1032 272 1459 344 SATYRAX.'

221 428 395 497 Qm
419 409 641 494 sequitur
664 428 825 479 custos
851 428 1067 493 angustae
1091 427 1292 480 vernula
1315 427 1486 493 capsae.

220 524 440 590 Eloquio
463 525 545 577 sed
568 537 779 590 uterque
804 526 932 591 perit
955 537 1121 576 orator
1129 549 1144 583 ;
1179 537 1455 590 utrumque

219 621 414 688 Largus
438 635 488 674 et
514 623 769 675 exundans
793 623 930 674 letho
954 623 1091 674 dedit
1113 623 1302 688 ingenii
1327 621 1457 673 fonS.

217 714 433 783 Ingenio
456 735 638 768 manus
663 717 749 776 est,
784 730 834 769 et
856 719 1023 770 cervix
1046 717 1188 777 caesa5
1226 737 1317 770 nec
1342 735 1570 784 unquam
1643 730 1734 768 120

217 812 470 876 Sanguine
493 811 723 863 caufidici
747 812 1049 863 maduerunt
1074 812 1225 863 rostra
1247 800 1423 877 pufilli,

220 909 269 960 O
293 908 605 960 fortunatam
628 919 817 969 natam,
853 928 938 960 me
960 910 1177 970 consule,
1215 911 1439 961 Romam
1459 909 1471 961 !

216 1008 415 1061 Antoni
438 1007 626 1073 gladios
649 1008 815 1073 potuit
837 1021 1179 1069 contemnere,
1214 1009 1248 1059 fi
1271 1009 1335 1060 fic

216 1103 411 1155 Omnia
434 1102 644 1155 dixiffet.
715 1102 949 1154 Ridenda
972 1109 1206 1169 poemata
1231 1103 1384 1164 malo,

216 1199 392 1268 Qm
417 1211 466 1250 te
487 1200 764 1267 conspicuae
790 1200 957 1250 divina
979 1199 1261 1266 Philippica
1282 1199 1448 1258 famae,
1642 1218 1697 1250 12
1704 1217 1730 1266 ς

214 1295 445 1359 Volveris
469 1316 497 1349 a
519 1299 683 1364 prima
707 1317 819 1364 quae
843 1291 1090 1364 proxima.
1161 1299 1325 1349 Saevus
1349 1310 1400 1350 et
1421 1297 1571 1350 illum

215 1392 399 1446 Exitus
426 1381 626 1460 eripuit,
663 1413 819 1460 quem
843 1393 1152 1444 mirabantur
1176 1392 1393 1444 Athenae

213 1489 539 1548 Torrentem,
576 1500 626 1539 et
646 1489 782 1554 pleni
807 1488 1151 1539 moderantem
1174 1487 1328 1538 fraena
1351 1487 1551 1541 theatri.

212 1580 312 1632 Dis
335 1581 420 1632 ille
442 1581 648 1631 adversis
671 1581 888 1644 genitUS,
923 1579 1128 1645 fatoque
1153 1579 1357 1638 finistro‚

214 1680 388 1748 Qm
411 1692 551 1745 pater
569 1678 783 1729 ardentis
808 1677 968 1728 maffae
990 1677 1202 1742 fuligine
1225 1677 1390 1743 lippus
1638 1698 1732 1747 130

214 1779 265 1829 A
288 1776 520 1835 carbone,
556 1788 606 1826 et
627 1774 921 1840 forcipibus,
956 1773 1242 1838 gladiosque
1265 1785 1468 1837 parante

212 1869 424 1928 Incude,
459 1881 508 1920 et
531 1867 668 1919 luteo
692 1867 921 1918 Vulcano
945 1867 1004 1917 ad
1031 1865 1229 1916 rhetora
1253 1866 1402 1917 misit.

210 1962 470 2013 Bellorum
493 1961 699 2019 exuviae,
735 1960 923 2010 truncis
948 1959 1093 2009 affixa
1117 1958 1352 2023 trophaeis

214 2056 411 2116 Lorica,
447 2067 497 2106 et
519 2055 675 2106 fraffita
697 2055 757 2105 de
781 2054 957 2105 caffide
979 2055 1194 2105 buccula
1217 2054 1457 2120 pendens,

211 2154 282 2205 Et
307 2165 510 2204 curtum
538 2149 962 2217 temonejugum,
996 2152 1238 2217 victaeque
1262 2152 1476 2203 triremis
1639 2173 1725 2221 135

213 2248 468 2315 Aplustre,
503 2259 553 2298 et
578 2246 776 2297 summo
804 2245 949 2296 tristis
973 2247 1198 2310 capti-»us
1225 2248 1276 2296 in
1301 2265 1433 2305 arcu,

212 2341 470 2393 Humanis
494 2339 683 2404 majora
707 2340 849 2391 bonis
873 2341 1175 2391 creduntur:
1213 2340 1274 2390 ad
1299 2339 1407 2391 haec
1431 2341 1477 2390 se

208 2440 491 2497 Romanus,
527 2436 826 2501 Graiusque,
853 2455 909 2487 ac
929 2437 1169 2487 Barbarus
1194 2436 1512 2500 induperator

208 2534 415 2587 Erexit:
452 2535 616 2586 causas
641 2534 940 2585 discriminis
964 2547 1115 2600 atque
1140 2534 1319 2584 laboris

207 2633 334 2684 Inde
357 2631 562 2689 habuit3
600 2644 739 2681 tanto
762 2630 922 2697 major
944 2632 1092 2683 famae
1115 2632 1213 2683 fitis
1233 2631 1317 2690 est,
1355 2650 1509 2697 quam
1632 2650 1724 2694 140

206 2728 441 2781 Virtutis.
503 2728 642 2796 Qs
673 2728 809 2780 enim
833 2727 1072 2779 virtutem
1097 2728 1414 2793 amplec'titur
1438 2727 1609 2792 ipsam,

1584 2825 1718 2873 Prae-
