1941 3363
265 229 350 309 56
595 224 1014 310 JUVENALls
1062 219 1337 279 SATYRA
1381 222 1475 276 VI.

260 368 446 421 Oscula
469 366 734 423 delcetent,
769 375 818 414 et
841 361 1111 427 desperatio
1134 359 1317 420 barbae,

261 468 332 518 Et
353 467 491 533 quod
514 466 740 526 abortivo
763 480 864 513 non
897 460 966 511 est
991 477 1136 527 opu8.
1192 460 1284 511 Illa
1304 457 1538 523 voluptas

261 567 474 616 Summa
499 574 686 620 tamen,
721 559 860 626 quod
875 557 985 625 jam
1010 558 1171 609 calida
1193 568 1243 607 et
1266 552 1687 620 maturajuventa

260 663 475 728 Inguina
499 662 763 712 traduntur
784 658 1011 718 mediciS,
1037 655 1148 723 jam
1173 654 1369 720 pectine
1393 654 1556 717 nigro.

258 758 399 824 Ergo
421 756 723 822 exspectatos
749 774 804 807 ac
819 753 972 821 juffos
996 755 1208 805 crescere
1228 751 1457 816 primum
1672 747 1771 814 370

259 855 560 916 Testicu108‚
595 855 862 921 postquam
882 863 1144 918 coeperunt
1168 849 1260 901 effe
1282 848 1504 910 bilibres,

259 951 501 1005 Tonsoris
527 953 714 1004 damno
737 963 938 1003 tantum
959 950 1088 1016 rapit
1101 946 1428 1000 Heliodorus.

260 1050 577 1116 Conspicuus
599 1049 769 1114 longe,
795 1046 1087 1111 cunctisque
1109 1042 1344 1096 notabilis
1364 1044 1517 1093 intrat

257 1146 461 1206 Balnea,
497 1164 589 1199 nec
613 1144 766 1196 dubie
790 1143 1051 1196 custodem
1068 1140 1181 1193 vitis
1205 1151 1256 1191 et
1274 1139 1410 1191 horti

257 1241 520 1300 Provocat,
556 1259 584 1292 a
606 1240 813 1291 domina
834 1237 994 1290 factus
1016 1235 1183 1301 spado.
1219 1234 1455 1286 Dormiat
1477 1232 1562 1283 ille
1672 1248 1767 1298 375

258 1343 399 1394 Cum
422 1341 654 1391 domina:
690 1338 771 1390 sed
796 1336 973 1405 tujam
999 1339 1204 1398 durum,
1226 1339 1517 1400 Posthume,
1533 1337 1750 1405 jamque

259 1436 609 1490 Tondendum
631 1434 865 1486 eunucho
887 1436 1158 1487 Bromium
1182 1436 1502 1488 committere
1527 1435 1648 1487 noli.

260 1538 311 1587 Si
334 1535 520 1601 gaudet
543 1545 712 1592 cantu,
749 1533 934 1584 nullius
959 1533 1116 1585 fibula
1138 1533 1284 1586 durat

255 1631 456 1683 Vocem
480 1629 738 1681 vendentis
764 1629 1063 1681 Praetoribus
1076 1653 1092 1689 ς
1127 1647 1312 1696 organa
1334 1631 1526 1698 semper

258 1726 319 1777 In
346 1725 577 1776 manibus
586 1748 601 1784 3
638 1724 772 1776 denfi
796 1724 988 1775 radiant
1011 1724 1258 1776 testudine
1284 1738 1391 1776 tota
1671 1730 1769 1790 380

257 1810 598 1878 Sardonyches
618 1830 629 1861 t
666 1810 823 1875 crispo
846 1822 1176 1861 numerantur
1200 1813 1398 1877 pectine
1420 1812 1638 1872 chordae,

259 1907 381 1974 Q
406 1918 546 1956 tener
565 1905 874 1970 Hedymeles
893 1924 1099 1971 operam
1119 1906 1280 1958 dedit:
1306 1905 1446 1959 hunc
1465 1920 1618 1968 tenet,
1636 1906 1735 1962 hoc
1753 1911 1801 1962 se

258 2003 470 2059 Solatur,
506 2013 749 2067 gratoque
774 2000 1004 2067 indulget
1027 2001 1154 2052 bafia
1178 2001 1384 2067 plectro.

257 2097 507 2169 Qaedam
533 2097 594 2147 de
618 2114 832 2151 numero
859 2097 1172 2157 Lamiarum,
1209 2116 1264 2149 ac
1291 2099 1512 2149 nominis
1540 2099 1679 2164 Appi

257 2193 398 2243 Cum
422 2192 548 2242 farre
571 2202 621 2242 et
645 2192 760 2242 vino
784 2191 991 2257 Janum‚
1019 2191 1326 2259 Vestamque
1352 2194 1574 2260 rogabat,
1670 2201 1730 2261 38
1739 2214 1766 2264 5

254 2290 340 2341 An
366 2287 710 2352 Capitolinam
734 2286 935 2340 deberet
959 2289 1121 2341 Pollio
1145 2306 1391 2356 quercum

256 2383 478 2448 Sperare,
503 2395 552 2433 et
573 2381 757 2433 fidibus
780 2385 1093 2449 promittere.
1152 2386 1295 2453 Qd
1327 2385 1510 2438 faceret
1534 2387 1667 2454 plus,

252 2480 553 2543 AEgrotante
575 2480 709 2530 viro?
748 2481 956 2532 medicis
981 2482 1103 2547 quid
1127 2482 1345 2534 tristibus
1369 2502 1486 2550 erga

254 2574 532 2628 Filiolum?
567 2575 702 2626 stetit
725 2588 839 2626 ante
863 2594 1018 2636 aram,
1054 2594 1146 2627 nec
1174 2589 1318 2644 turpe
1341 2582 1538 2644 putavit

254 2668 352 2723 Pro
378 2668 568 2724 cithara
591 2669 748 2741 velare
771 2681 923 2739 caput
933 2694 949 2732 5
987 2670 1270 2739 dictataque
1294 2673 1442 2728 verba
1670 2696 1768 2744 390
1821 2730 1829 2736 ,

1639 2774 1768 2830 Pro-2
