1941 3363
464 176 884 264 JUVENAms
934 177 1212 240 SATYRA
1254 184 1353 239 IX.
1592 179 1676 260 89

166 324 390 383 Nomen,
416 323 478 375 ab
501 323 679 375 infami
711 335 918 390 gentem
942 323 1144 375 deducis
1167 322 1313 389 asylo.

165 420 425 488 Majorum
449 422 641 487 primus
667 421 887 488 quisquis
911 420 1006 473 fuit
1029 421 1111 472 ille
1132 433 1357 480 tuorum,

166 517 273 568 Aut
297 517 458 584 pastor
481 516 596 576 fuit,
632 529 717 569 aut
742 516 866 569 illud
892 516 1030 583 quod
1053 517 1216 570 dicere
1239 518 1373 570 nolo·
1573 530 1633 583 27
1640 534 1666 584 5

614 744 1096 806 SATYRA
1159 744 1263 807 IX.

256 890 373 941 Cire
395 889 547 941 velim
570 908 722 957 quare
744 891 890 942 toties
915 888 1064 950 mihi,
1089 888 1314 951 Naevole,
1349 891 1499 944 tristis

287 987 530 1041 Occurras
553 985 717 1038 fronte
739 985 972 1046 obducta,
1005 1004 1099 1038 ceu
1121 986 1321 1053 Marsya
1346 988 1526 1041 victus.

170 1082 308 1150 Qd
331 1081 424 1133 tibi
447 1099 567 1133 cum
590 1081 751 1141 vultu,
786 1081 989 1148 qualem
1012 1083 1277 1148 deprensus
1301 1083 1519 1137 habebat

167 1179 373 1239 Ravola,
407 1179 531 1231 dum
553 1178 824 1246 Rhodopes
849 1179 947 1231 uda
970 1182 1086 1233 terit
1108 1182 1315 1248 inguina
1338 1183 1522 1235 barba?

168 1278 279 1337 Nos
304 1277 577 1345 colaphum
600 1273 876 1330 incutimus
892 1278 1139 1330 lambenti
1164 1279 1377 1334 crustula
1401 1283 1551 1338 serv0.
1646 1304 1673 1354 5

167 1375 292 1427 Non
316 1387 420 1426 erat
443 1374 537 1426 hac
560 1373 687 1426 facie
709 1374 1036 1426 miserabilior
1058 1377 1351 1443 Crepereius

171 1474 352 1534 Pollio,
388 1475 478 1540 qui
499 1473 751 1539 triplicem
774 1473 972 1524 usuram
993 1474 1217 1540 praestare
1241 1488 1441 1542 paratus

172 1572 386 1631 Circuit,
414 1583 464 1623 et
486 1569 651 1622 fatuos
672 1589 774 1622 non
798 1570 1004 1623 invenit.
1073 1573 1223 1624 Unde
1248 1587 1451 1641 repente

173 1670 282 1722 Tot
308 1668 481 1734 rugae?
504 1680 637 1721 certe
658 1668 862 1721 modico
884 1681 1151 1723 contentus
1174 1671 1352 1737 agebas

173 1768 396 1821 Vernam
418 1767 660 1834 equitem,
694 1767 902 1817 conviva
918 1765 1038 1833 joco
1060 1769 1324 1821 mordente
1345 1768 1552 1833 facetuS,
1619 1791 1677 1824 10

174 1863 243 1914 Et
266 1862 444 1914 salibus
467 1861 737 1914 vehemens
754 1863 884 1914 intra
904 1864 1150 1929 pomoeria
1173 1865 1320 1917 natis.

176 1960 367 2011 Omnia
388 1977 523 2010 nunc
546 1971 718 2011 contra
741 1979 752 2011 ε
788 1959 957 2012 vultus
981 1962 1161 2025 graviS,
1195 1961 1397 2014 horrida
1420 1963 1555 2016 ficcae

177 2054 321 2120 Sylva
340 2071 516 2117 comae,
551 2053 720 2104 nullus
743 2065 850 2105 tota
874 2054 1006 2106 nitor
1031 2056 1083 2107 in
1107 2069 1240 2117 cute,
1276 2057 1479 2123 qualern

178 2151 441 2202 Praestabat
465 2149 612 2202 calidi
634 2150 916 2204 circumlita
936 2151 1082 2203 fascia
1104 2152 1223 2204 visci
1243 2176 1259 2212 3

180 2248 275 2308 Sed
299 2247 564 2299 fruticante
588 2246 693 2311 pilo
716 2248 959 2312 neglecta,
996 2261 1045 2301 et
1068 2249 1306 2317 squallida
1327 2268 1486 2304 crura.
1624 2273 1643 2306 1
1655 2271 1681 2322 ς

182 2344 321 2414 Qd
341 2343 524 2400 macies
548 2343 664 2407 aegri
687 2344 880 2404 veteris,
916 2363 1072 2411 quem
1095 2358 1322 2413 tempore
1343 2347 1499 2414 longo

181 2442 368 2502 Torret
391 2452 567 2507 quarta
591 2439 712 2499 dies,
747 2440 973 2507 olimque
997 2443 1266 2498 domestica
1289 2445 1479 2500 febris?

183 2537 474 2603 Deprendas
497 2538 926 2591 animi'tormenta
948 2539 1145 2592 latentis
1166 2542 1219 2594 in
1243 2562 1372 2608 aegro

187 2632 425 2698 Corpore,
461 2631 730 2697 deprendas
755 2643 805 2683 et
827 2634 1036 2698 gaudia:
1072 2636 1226 2690 sumit
1243 2649 1516 2709 utrumque

1604 2739 1686 2793 In·'
