1941 3363
393 214 816 303 JUVENALIS
866 217 1145 282 SATYRA
1190 226 1353 281 XIII.⁴
1519 236 1642 306 127

119 365 237 418 Hoc
262 382 439 416 arcana
462 364 645 415 modo?
682 363 925 431 majorem
951 367 1125 417 tertius
1149 365 1235 418 illa

119 462 407 519 Summam,
444 477 598 525 quam
625 460 805 525 patulae
828 462 913 511 vix
934 473 1134 527 ceperat
1158 458 1370 525 angulus
1390 462 1553 513 arcae?

117 560 255 611 Tam
278 558 423 611 facile
445 570 495 609 et
520 575 738 624 pronum
761 558 829 609 est
850 558 1047 625 superos
1066 572 1390 612 contemnere
1412 562 1577 624 testeS,

119 659 169 709 Si
192 657 417 709 mortalis
441 657 578 708 idem
602 674 754 707 nemo
778 656 911 707 sciat.
980 657 1160 724 Aspice
1185 673 1374 725 quanta
1578 668 1642 729 76

119 756 261 807 Voce
285 767 450 820 neget,
487 772 599 820 quae
623 753 680 803 fit
704 751 809 803 ᾗξὶί
827 753 1106 806 constantia
1127 757 1312 809 vultus,

120 855 216 907 Per
239 854 361 905 Solis
386 852 564 908 radios,
601 850 918 916 Tarpeiaque
942 850 1326 921 fulminajurat,

119 954 189 1005 Et
214 951 395 1004 Martis
419 950 683 1008 frameam,
717 960 767 999 et
789 948 997 1000 Cirrhaei
1016 950 1203 1016 spicula
1223 956 1349 1006 vatis
1367 979 1381 1014 ;

121 1048 216 1099 Per
239 1046 455 1098 calamos
479 1044 759 1102 venatricis,
795 1042 1184 1113 pharetramque
1208 1052 1400 1115 puellae,
1584 1062 1644 1108 80

123 1146 319 1210 Perque
341 1156 505 1200 tuum,
541 1153 683 1205 pater
704 1141 865 1205 AEgaei
889 1142 1148 1208 Neptune,
1186 1148 1470 1203 tridentem.

122 1240 282 1293 Addit
301 1252 353 1290 et
377 1236 655 1289 Herculeos
681 1256 840 1298 arcuS,
875 1237 1174 1308 hastamque
1197 1244 1461 1308 Minervae,

125 1337 390 1408 chuid
412 1335 603 1386 habent
627 1335 845 1387 telorum
868 1342 1251 1393 armamentaria
1275 1345 1407 1396 coeli.

126 1439 178 1490 Si
200 1455 316 1488 vero
338 1447 389 1487 et
412 1447 552 1502 pater
575 1433 661 1494 est,
696 1434 980 1496 comedam,
1017 1438 1203 1505 inquit,
1239 1441 1405 1496 flebile
1431 1448 1535 1498 nati

126 1536 357 1601 Sinciput
382 1533 517 1594 elixi,
553 1532 838 1600 Pharioque
863 1536 1109 1589 madentis
1135 1553 1293 1592 aceto.
1591 1552 1615 1597 8
1625 1564 1648 1613 5

127 1636 272 1693 Sunt,
296 1635 349 1684 in
376 1634 592 1684 fortunae
616 1633 706 1699 qui
730 1634 916 1686 cafibus
940 1637 1114 1688 omnia
1134 1651 1342 1702 ponant,

126 1735 196 1785 Et
220 1731 360 1783 nullo
381 1730 585 1782 credant
607 1732 860 1784 mundum
885 1737 1074 1786 rectore
1096 1739 1306 1800 moveri,

128 1830 326 1882 Natura
346 1827 577 1880 volvente
600 1829 731 1882 vices
757 1842 808 1882 et
831 1830 974 1891 luciS,
1010 1844 1060 1885 et
1084 1834 1225 1893 anni3

131 1931 304 1995 Atque
325 1928 440 1979 ideo
461 1928 698 1994 intrepidi
722 1947 1038 1997 quaecunque
1062 1933 1230 1985 altaria
1252 1947 1481 2002 tangunt.

130 2029 220 2081 Est
244 2029 367 2080 alius
391 2039 621 2080 metuens
645 2045 708 2079 ne
730 2029 923 2081 crimen
947 2049 1094 2096 poena
1117 2032 1380 2100 sequatur:
1594 2057 1659 2106 90

132 2127 238 2178 Hic
262 2138 406 2192 putat
429 2125 521 2176 effe
546 2126 702 2184 De08‚
736 2137 786 2176 et
811 2125 1015 2192 pejerat,
1052 2141 1201 2195 atque
1223 2132 1293 2183 ita
1314 2132 1482 2184 secum
1495 2158 1512 2195 ς

134 2223 384 2274 Decernat
408 2222 765 2288 quodcumque
787 2223 921 2273 volet
943 2223 1005 2274 de
1031 2242 1238 2291 corpore
1262 2228 1429 2280 nostro

135 2313 237 2372 Ifis,
270 2326 322 2364 et
346 2313 473 2363 irato
497 2311 641 2364 feriat
660 2331 776 2364 mea
798 2313 996 2364 lumina
1018 2315 1170 2376 sistro,

134 2408 437 2460 Dummodo
460 2409 538 2461 vel
561 2427 718 2460 caecus
743 2422 961 2470 teneam,
997 2429 1122 2476 quos
1148 2413 1359 2480 abnegO,
1395 2436 1651 2471 nummos.

137 2504 205 2554 Et
231 2502 458 2569 phthisis,
494 2516 544 2555 et
565 2505 774 2555 vomicae
800 2517 986 2570 putres,
1023 2520 1072 2558 et
1096 2508 1368 2561 dimidium
1393 2530 1505 2563 orus
1594 2527 1621 2572 9
1630 2529 1653 2578 5

139 2602 266 2652 Sunt
292 2602 451 2653 tanti?
487 2619 675 2669 pauper
699 2603 1006 2669 locupletem
1029 2618 1201 2673 optare
1222 2609 1498 2675 podagram

138 2700 224 2752 Ne
248 2700 442 2752 dubitet
462 2700 643 2761 Ladas»,
680 2702 713 2753 fi
739 2722 838 2756 non
862 2717 977 2768 eget
999 2707 1258 2773 Anticyra,
1297 2728 1389 2761 nec

1493 2800 1659 2853 Arch-
