1941 3363
210 210 334 254 220
756 184 821 246 N
868 185 926 246 O
975 183 1034 245 T
1081 183 1179 246 AE.'

202 356 297 391 nus
321 333 704 396 exercitationis,
734 353 856 388 cum
887 335 1132 402 quispiam
1161 331 1372 384 summis
1402 331 1614 399 pedibus
1648 332 1731 384 in-

203 436 451 503 grediens,
491 451 669 484 manus
709 433 966 499 protendit
1005 431 1328 496 ociffimeque
1368 444 1556 489 movet,
1602 430 1728 480 alte-

205 550 315 583 ram
358 531 626 582 retrorsum
670 530 872 589 scilicet,
915 529 1123 580 alteram
1166 526 1395 593 prorsum
1439 526 1538 577 &a
1622 525 1731 576 Alii

205 628 335 680 item
358 627 572 679 trochum
594 627 808 691 intelligi
831 626 893 677 de
917 624 1090 676 arbore
1110 624 1235 689 pinu
1257 621 1572 682 fabricatam,
1598 621 1736 688 quod

196 722 328 788 pytis
359 721 555 772 dicatur
580 720 743 786 pinus,
780 719 916 770 unde
946 718 1005 770 fit
1035 718 1258 785 pytifina.
1326 718 1441 782 Ego
1477 730 1647 769 autem
1672 734 1737 768 ex

206 818 449 871 sententia
475 817 689 870 Luciani
713 817 966 868 contendo
995 816 1209 881 intelligi
1231 814 1542 879 saltationem
1573 816 1736 866 Lace-

207 915 497 975 dcemoniam,
534 914 916 981 legendumque
954 913 1049 964 effe
1075 912 1339 978 pedemate‚
1381 911 1415 961 τ’.
1449 930 1488 961 e.
1529 910 1652 961 saltu
1688 920 1740 960 et

207 1031 311 1065 non
342 1012 609 1079 pytismate,
650 1030 816 1078 neque
854 1009 1163 1078 pytilg'smate.
1247 1009 1332 1060 De
1371 1007 1613 1059 omnibus
1658 1004 1739 1057 his

208 1109 461 1175 opinetur,
487 1119 544 1159 ut
566 1109 750 1174 cuique
772 1107 978 1160 libitum
1002 1107 1113 1158 erit.
1181 1104 1384 1158 Britan.

281 1221 390 1269 191.
434 1202 712 1267 Speaeacula
751 1211 973 1268 mappae..
1035 1200 1232 1266 Mappa
1273 1197 1374 1250 fuit
1417 1196 1741 1264 aurigationis

209 1298 439 1365 fignum3
490 1295 578 1348 hic
615 1307 788 1348 tamen
820 1312 912 1360 pro
950 1292 1064 1359 ipfis
1100 1291 1249 1345 ludis.
1318 1290 1530 1344 Nomen
1568 1303 1741 1343 autem

212 1406 387 1463 mappa
407 1412 510 1447 non
536 1393 799 1452 Latinum,
823 1390 906 1443 sed
926 1391 1203 1443 Punicum.

284 1512 396 1561 193.
432 1491 610 1546 Praedo
642 1490 945 1542 caballorum.
1013 1488 1202 1554 Lipfius
1237 1486 1434 1554 putavit
1468 1486 1744 1553 legendum

205 1592 382 1661 praeda
417 1591 731 1650 caballorum;
782 1589 901 1655 quia
940 1605 1128 1653 magna
1169 1586 1355 1638 scilicet
1400 1588 1628 1653 pecuniae
1669 1588 1745 1639 vis

215 1688 521 1743 effundenda
549 1687 750 1755 praetori
793 1687 847 1738 in
889 1684 1086 1750 aurigas
1120 1695 1172 1739 et
1213 1700 1390 1750 equ082
1428 1684 1587 1750 iisque
1622 1684 1743 1751 ipse,

216 1802 277 1842 ut
297 1786 488 1855 praeda.

288 1902 400 1950 205.
433 1885 578 1936 Hora
593 1881 800 1948 fitperfit
823 1879 1103 1945 adfixtam.
1154 1879 1417 1946 Legitima
1438 1879 1603 1932 balnei
1623 1877 1750 1932 hor-a

219 1980 406 2039 hieme,
432 1997 565 2030 nona
575 2001 591 2038 3
630 1976 810 2036 aestate,
835 1979 1025 2029 oetava.
1093 1977 1252 2029 Farn.
1322 1978 1524 2028 Tamen
1546 1976 1632 2028 hic
1655 1976 1749 2028 ali-

217 2089 294 2127 ter
328 2075 538 2126 statuere
573 2073 770 2125 videtur
800 2072 1055 2140 Juvenalis
1073 2095 1090 2131 3
1138 2090 1324 2139 nempe
1360 2083 1417 2124 ut
1453 2073 1572 2126 hora
1599 2070 1748 2137 sexta

221 2171 399 2223 balnea
417 2171 702 2222 introirent.

695 2266 745 2316 A
779 2266 830 2316 D
899 2264 929 2315 S
964 2265 1014 2315 A
1047 2264 1117 2316 T.
1184 2263 1304 2315 XII.

286 2364 407 2414 Ver.
439 2379 462 2427 5
472 2379 514 2427 5.
551 2359 774 2427 Explicet
795 2363 1059 2423 angustum.
1128 2360 1207 2411 Ita
1229 2360 1368 2411 enim
1396 2357 1481 2409 hic
1509 2357 1650 2410 locus
1672 2357 1749 2410 le-

222 2461 372 2528 gend.
401 2460 588 2520 suadet,
613 2461 648 2511 i.
669 2477 714 2511 e.
740 2470 799 2510 ut
822 2457 867 2510 se
891 2460 1104 2517 aretum,
1131 2456 1460 2523 impeditum,
1489 2468 1543 2507 et
1574 2455 1628 2506 in
1654 2473 1748 2506 an-

224 2556 408 2623 gustias
433 2555 696 2607 redae‘cum
716 2564 924 2620 propter
946 2552 1161 2613 malum,
1195 2551 1559 2618 expeditiorem
1580 2549 1748 2611 faciat,

226 2654 658 2722 impedimentum
682 2650 804 2704 mali
829 2667 1111 2705 removenS.
1177 2648 1310 2706 Lub.

1523 2748 1602 2797 88.
1638 2744 1748 2797 Ac-
