1941 3363
410 203 854 290 JUVENALIS
903 199 1207 275 SATYRA
1254 209 1349 274 Ν.
1571 227 1649 287 31

128 346 189 399 In
216 364 437 413 quorum
458 348 587 404 facie
611 348 817 408 miserae,
842 365 1140 413 magnaeque
1164 346 1364 405 sedebat

128 444 293 506 Pallor
316 446 567 497 amicitiae.
636 446 853 503 Primus,
877 445 1129 497 clamante
1152 446 1400 506 Liburn0‚
1588 460 1615 506 7
1623 458 1648 507 5

128 541 350 600 Currite,
365 540 477 607 jam
502 541 642 601 sedit,
672 552 811 606 rapta
834 542 1131 608 properabat
1155 541 1322 602 abolla

125 639 355 705 PegasUS‚
381 641 608 693 attonitae.
630 641 815 707 pofitus
842 641 1000 694 modo
1023 641 1215 693 villicus
1238 640 1371 693 urbi.
1534 699 1546 706 Α

126 735 280 786 Anne
306 736 446 788 aliud
467 749 591 788 tunc
618 735 874 803 praefecsti?
910 753 1131 802 quorum
1156 737 1398 802 optimus,
1424 747 1575 802 atque

125 829 377 897 Interpres
403 832 577 896 legum
599 831 921 889 samstiffimus
935 854 951 890 3
976 832 1148 890 omnia
1173 850 1470 899 quanquam

123 927 470 994 Temporibus
496 928 613 980 diris
639 929 896 980 tractanda
915 927 1127 994 putabat
1152 930 1334 982 inermi
1586 935 1649 984 80

121 1024 340 1090 Justitia.
400 1025 556 1078 Venit
580 1037 630 1086 et
656 1023 1064 1092 Crispijucunda
1086 1026 1334 1094 senectussl

122 1114 282 1183 Cujus
308 1128 450 1168 erant
472 1134 655 1177 mores,
682 1117 843 1183 qualis
866 1116 1102 1170 facundia
1116 1142 1131 1177 3
1168 1119 1295 1183 mite

118 1214 410 1280 Ingenium.
452 1214 638 1275 Maria,
662 1232 720 1267 ac
742 1226 914 1275 terraS,
940 1216 1254 1288 populosque
1281 1217 1478 1283 regenti

122 1312 253 1380 Qis
277 1331 446 1365 comes
469 1312 658 1374 utilior,
683 1313 718 1381 fi
740 1313 897 1374 clade,
924 1326 974 1366 et
995 1314 1132 1381 peste
1154 1315 1244 1367 sub
1267 1316 1352 1368 illa

125 1411 378 1474 Saevitiam
402 1414 661 1479 damnare,
692 1426 741 1465 et
765 1412 1036 1466 honestum
1059 1413 1234 1466 afferre
1257 1415 1431 1469 liceret
1580 1421 1641 1484 85

120 1509 435 1562 Consilium?
462 1509 543 1560 sed
568 1508 691 1575 quid
715 1508 982 1561 violentius
1006 1528 1126 1561 aure
1150 1512 1366 1576 tyranni,

119 1609 257 1657 Cum
285 1626 388 1673 quo
412 1606 472 1658 de
493 1606 693 1675 pluviiS,
723 1619 809 1658 aut
836 1607 1049 1667 aestibus,
1075 1620 1159 1660 aut
1182 1607 1414 1661 nimboso

125 1703 253 1753 Vere
275 1701 497 1767 locuturi
521 1700 686 1753 fatum
710 1701 964 1768 pendebat
987 1703 1142 1764 amici
1155 1702 1174 1752 ?

122 1800 214 1851 Ille
238 1800 392 1865 igitur
416 1817 682 1864 nunquam
706 1799 885 1854 direxit
909 1798 1113 1863 brachia
1134 1811 1319 1864 contra,-

117 1895 426 1959 Torrentem
441 1918 456 1953 ;
494 1911 588 1944 nec
613 1894 732 1945 civis
755 1907 877 1954 erat,
904 1894 993 1961 qui
1018 1893 1173 1945 libera
1196 1893 1353 1961 poffet
1577 1913 1647 1962 90-

113 1988 284 2040 Verba
307 1989 463 2040 animi
487 1987 726 2054 proferre,
754 2001 805 2040 et
828 1990 985 2040 vitam
1009 1988 1300 2055 impendere
1321 2006 1458 2041 vero·

116 2084 196 2134 Sic
220 2083 403 2134 multas
426 2081 650 2147 hyemes,
676 2096 827 2151 atque
850 2084 1151 2149 o&ogefima
1175 2085 1300 2149 vidit

114 2178 354 2236 sonuum
390 2176 468 2228 his
493 2163 661 2238 a'rmis,
688 2179 771 2230 ina
795 2197 997 2248 quoque
1023 2193 1160 2244 tutus
1182 2181 1236 2245 ign
1261 2179 1396 2245 auia,

116 2277 383 2328 Proximus
408 2275 629 2342 ejusdem
651 2254 947 2344 properabat
972 2279 1163 2338 Acilius
1190 2279 1280 2331 aevi

117 2373 256 2439 Cum
271 2370 472 2438 juvene,
499 2373 708 2438 indigno
733 2392 888 2439 quem
909 2392 1043 2424 mors
1068 2387 1175 2425 tam
1198 2375 1319 2427 saeva
1345 2391 1589 2441 maneret,

114 2469 184 2520 Et
209 2468 403 2519 domini
429 2469 603 2533 gladiis
631 2483 735 2521 tam
760 2470 1012 2523 festinata:
1050 2471 1129 2522 sed
1153 2472 1280 2523 olim
1573 2481 1636 2543 96

117 2566 354 2631 Prodigio
377 2586 466 2634 par
491 2568 559 2619 est
583 2587 702 2620 cum
730 2569 991 2621 nobilitate
1015 2570 1236 2621 sene&us
1256 2590 1268 2622 ε

115 2665 267 2730 Unde
291 2663 365 2725 fit,
391 2677 448 2718 ut
471 2667 647 2733 malim
671 2666 968 2720 fraterculus
992 2667 1085 2721 effe
1110 2669 1345 2734 gigantis,

464 2771 468 2773 “
1507 2768 1629 2821 ῬτὼΑ
