1941 3363
268 265 395 324 140
579 242 1000 328 JUVENALIS
1051 235 1327 297 SATYRA
1380 243 1529 296 XIV.

260 391 318 446 N
320 393 430 442 oc‘te
452 388 602 439 boves
626 384 801 442 macri,
835 380 1057 446 laffoque
1080 377 1311 429 famelica
1332 378 1465 429 collo

262 490 510 541 Armenta
534 484 596 534 ad
618 479 796 532 virides
821 475 970 544 hujus
993 476 1261 527 mittentur
1286 474 1450 525 aristas
1464 496 1480 532 ;

262 584 378 636 Nec
401 584 536 648 prius
562 578 678 630 inde
703 576 933 633 domum,
970 591 1126 639 quam
1151 584 1256 623 tota
1281 573 1475 623 novalia
1500 569 1646 622 saevos

262 683 325 734 In
346 691 537 731 ventres
558 675 754 733 abeant,
788 684 844 722 ut
866 668 1035 721 credas
1058 667 1267 719 falcibus
1295 670 1482 718 actum.

263 779 448 832 Dicere
472 774 556 825 vix
578 769 743 838 poffis,
779 786 934 834 quam
958 765 1107 817 multi
1131 765 1247 816 talia
1269 764 1484 830 plorent,
1683 781 1702 814 1
1714 780 1777 829 50

264 877 334 927 Et
357 882 483 940 quot
505 868 699 921 venales
724 863 902 931 injuria
924 862 1097 914 fecerit
1120 879 1280 927 agros.

265 969 362 1021 Sed
385 967 472 1033 qui
496 962 776 1016 sermones?
812 978 970 1027 quam
991 959 1137 1012 foedae
1160 958 1373 1009 buccina
1397 956 1578 1008 famae?

266 1065 409 1133 Qd
431 1074 577 1115 nocet
595 1058 721 1118 haec,
757 1057 938 1122 inquit.
1005 1056 1263 1107 Tunicam
1279 1055 1408 1107 mihi
1432 1054 1568 1106 malo
1592 1052 1774 1119 lupini,

266 1165 441 1232 Qm
467 1160 501 1211 fi
525 1176 607 1209 me
632 1168 741 1208 toto
763 1154 930 1205 laudet
953 1153 1131 1204 vicinia
1155 1171 1287 1220 pago

267 1266 461 1331 Exigui
486 1262 609 1316 ruris
634 1259 922 1326 pauciffima
945 1257 1072 1309 farra
1097 1256 1362 1309 secantem.
1684 1275 1702 1306 1
1715 1272 1738 1321 5
1748 1272 1772 1325 5

268 1361 468 1414 Scilicet
494 1371 543 1409 et
567 1355 755 1408 morbis
780 1365 829 1404 et
851 1352 1107 1403 debilitate
1130 1350 1338 1411 carebis,

262 1458 340 1512 Et
357 1458 556 1508 metum
580 1465 630 1504 et
652 1469 827 1503 curam
849 1449 1076 1514 effugies,
1112 1459 1163 1499 et
1186 1460 1415 1514 tempora
1437 1448 1550 1500 vitae

266 1557 448 1620 Longa
471 1552 563 1604 tibi
584 1549 691 1617 post
717 1548 825 1600 haec
849 1547 954 1599 fato
979 1546 1184 1598 meliore
1207 1545 1458 1597 dabuntur
1471 1568 1488 1605 ς

267 1654 318 1705 Si
341 1663 543 1704 tantum
568 1648 693 1700 culti
717 1647 843 1698 solus
869 1644 1129 1712 possederis
1153 1644 1274 1708 agri,

270 1750 535 1818 Qntum
560 1745 648 1795 sub
671 1743 824 1795 Tatio
847 1741 1063 1808 populus
1091 1742 1353 1792 Romanus
1377 1739 1560 1791 arabat.
1684 1743 1776 1792 160

263 1847 402 1898 Mox
425 1845 577 1895 etiam
599 1842 766 1893 fractis
792 1852 950 1900 aetate‚
986 1859 1042 1891 ac
1067 1840 1256 1890 Punica
1278 1840 1420 1905 paffis

267 1939 462 2000 Praelia,
496 1938 573 1991 vel
593 1937 845 2003 Pyrrhum
869 1937 1164 1995 immanem,
1199 1936 1488 2002 gladiosque
1512 1935 1776 1999 Molossos,

267 2035 503 2088 Tandem
525 2052 617 2100 pro
640 2033 813 2086 multis
835 2032 918 2084 vix
931 2030 1111 2098 jugera
1134 2032 1252 2082 bina
1276 2031 1524 2084 dabantur

266 2131 596 2184 Vulneribus.
664 2131 863 2181 Merces
889 2148 945 2180 ea
968 2129 1215 2193 sanguinis
1239 2142 1392 2195 atque
1415 2129 1595 2180 laboris

267 2231 439 2284 Nullis
464 2230 561 2285 visa
587 2247 815 2295 unquam
839 2228 1028 2279 meritis
1054 2229 1236 2288 minor,
1272 2240 1357 2280 aut
1382 2230 1585 2295 ingratae
1683 2233 1738 2280 16
1745 2247 1771 2298 5

268 2328 429 2379 Curta
450 2326 572 2377 fides
592 2326 781 2391 patriae.
850 2325 1109 2376 Saturabat
1132 2326 1333 2389 glebula
1355 2326 1464 2377 talis

267 2419 470 2472 Patrem
495 2419 676 2484 ipsum,
712 2417 1016 2484 turbamque
1039 2418 1172 2478 casae,
1209 2437 1309 2484 qua
1328 2418 1449 2471 foeta
1462 2417 1664 2485 jacebat

270 2518 432 2576 Uxor,
467 2527 517 2566 et
539 2514 752 2565 infantes
776 2513 1014 2565 ludebant
1037 2526 1269 2580 quatuor,
1305 2531 1436 2566 unus

271 2611 508 2671 Vernula,
545 2622 640 2661 tres
663 2610 887 2661 domini:
923 2611 1003 2662 sed
1026 2611 1221 2677 magnis
1247 2610 1481 2663 fratribus
1506 2611 1693 2665 hor-um

270 2706 320 2761 A
341 2705 508 2759 scrobe
535 2705 610 2759 vel
633 2706 767 2758 sulco
790 2705 1130 2768 redeuntibUS‚
1166 2707 1316 2760 altera
1337 2727 1480 2766 coena
1685 2724 1779 2772 170

1639 2805 1775 2860 Am-z·
