1941 3363
432 209 849 296 JUVENALrs
900 210 1173 271 SATYRA
1207 219 1353 271 XIV.
1551 229 1672 291 135

157 353 299 407 Tum
325 353 464 414 felix,
501 356 699 422 quoties
722 355 920 421 aliquiS‚
956 368 1141 409 tortore
1164 368 1360 416 vocam,

156 446 334 498 Uritur
359 449 552 500 ardenti
576 449 676 500 duo
699 462 901 515 propter
922 450 1073 501 lintea
1093 449 1242 505 ferrO.

156 543 297 612 Qd
323 544 681 612 suadetjuveni
705 547 843 596 iaetus
864 545 1070 597 stridore
1094 559 1299 605 catenae‚

154 639 327 707 Qm
353 643 478 693 mire
501 643 726 695 afficiunt
748 642 979 707 inscripta
1000 643 1257 706 ergastula,
1284 661 1449 694 carcer

151 738 424 792 Rusticus?
460 742 707 809 exspeotas
735 755 790 793 ut
813 759 912 792 non
941 741 996 792 s1t
1023 742 1244 792 adultera
1268 743 1441 808 Larga:
1616 760 1642 795 2
1649 758 1676 812 5

151 836 298 897 Filia,
331 856 445 904 quae
467 857 733 906 nunquam
756 850 1006 889 maternos
1032 837 1195 888 dicere
1219 838 1446 890 moechos

150 935 290 986 Tam
313 936 432 996 cito,
468 954 561 987 nec
584 948 724 987 tanto
746 936 928 1002 poterit
952 948 1219 988 contexere
1237 938 1398 999 cursu,

152 1030 228 1082 Ut
252 1049 354 1082 non
378 1043 454 1082 ter
476 1031 640 1082 decies
663 1032 863 1098 respiret
883 1031 901 1081 ?
936 1033 1129 1084 conscia
1151 1035 1302 1086 matri

152 1128 313 1195 Virgo
335 1129 461 1181 fuit:
499 1148 633 1182 ceras
656 1149 809 1190 nune,
843 1129 938 1182 hac
962 1131 1196 1191 dietante,
1221 1132 1418 1197 pufillas

151 1226 358 1294 Implet,
383 1239 433 1278 et
459 1227 520 1278 ad
543 1225 810 1281 moechum
833 1229 918 1278 dat
938 1227 1123 1278 eisdem
1151 1227 1280 1279 ferre
1304 1229 1514 1283 cinoedis
1527 1254 1544 1290 3
1613 1250 1680 1304 30

153 1323 235 1375 Sic
258 1321 612 1390 naturajubet.
680 1323 918 1375 Velocius
944 1337 994 1375 et
1016 1326 1164 1377 citius
1187 1344 1278 1378 nos

152 1421 506 1488 Corrumpunt
527 1421 766 1473 vitiorum
789 1422 1020 1489 exempla
1040 1422 1331 1486 domestica,
1359 1427 1562 1492 magnis

152 1518 294 1568 Cum
317 1517 528 1569 subeunt
552 1518 746 1569 animos
770 1519 1071 1571 auetoribus.
1141 1521 1288 1574 Unus
1314 1534 1364 1575 et
1387 1523 1511 1575 alter

152 1613 375 1664 Forsitan
400 1611 508 1664 haec
532 1612 1007 1679 spernantjuvenes,
1043 1615 1227 1681 quibus
1254 1630 1357 1670 arte
1383 1618 1620 1686 benigna,

153 1709 200 1760 E
223 1708 432 1761 meliore
455 1708 562 1759 luto
585 1707 741 1760 finxit
756 1709 1030 1773 praecordia
1052 1710 1227 1762 Titan.
1614 1731 1677 1781 35

154 1807 250 1860 Sed
272 1807 492 1874 reliquos
515 1805 754 1871 fugienda
777 1819 982 1872 patrum
1003 1808 1207 1874 vestigia
1232 1809 1444 1872 ducunt,

153 1908 223 1958 Et
247 1906 515 1958 monstrata
538 1905 624 1956 diu
648 1907 826 1957 veteris·
850 1906 1003 1957 trahit
1025 1907 1186 1959 orbita
1202 1909 1386 1975 ⁴culpae.

154 2005 419 2059 Abstineas
445 2005 598 2069 igitur
621 2003 916 2054 damnandis
932 2027 946 2062 3
973 2002 1124 2070 hujus
1151 2007 1289 2057 enim
1314 2008 1394 2058 vel

152 2103 272 2156 Una
292 2113 467 2168 potens
493 2100 619 2150 ratio
643 2099 729 2159 est,
763 2118 828 2150 ne
851 2099 1065 2150 crimina
1088 2101 1248 2152 nostra
1270 2103 1537 2169 sequantur

153 2197 236 2248 Ex
261 2197 405 2248 nobis
428 2196 617 2261 geniti:
656 2197 900 2261 quoniam
924 2196 1107 2247 dociles
1133 2198 1389 2250 imitandis
1615 2219 1684 2262 40

155 2294 417 2360 Turpibus
444 2312 500 2345 ac
524 2294 684 2358 pravis
710 2311 884 2343 omnes
909 2293 1111 2352 sumus;
1148 2306 1197 2344 et
1223 2296 1496 2348 Catilinam

158 2391 481 2459 chnque
502 2389 555 2439 in
578 2388 768 2454 populo
791 2389 973 2447 videaS,
1011 2407 1316 2456 quocunque
1340 2391 1430 2443 su'o
1457 2411 1545 2444 axe
1565 2412 1578 2444 ε

158 2487 254 2539 Sed
276 2506 367 2538 nec
391 2488 575 2540 Brutus
601 2488 710 2546 erit,
745 2487 888 2538 Bruti
911 2506 1003 2538 nec
1026 2489 1297 2541 avunculus
1322 2491 1552 2558 usquam.

157 2582 252 2633 Nil
274 2583 410 2634 dict-u
432 2582 631 2635 foedum
656 2583 865 2650 visuque
885 2584 994 2636 haec
1017 2585 1194 2636 limina
1221 2597 1410 2652 ungat,

145 2677 299 2732 -Intra
325 2696 440 2749 quae
461 2695 586 2744 puer
609 2676 694 2733 est.
762 2678 946 2730 Procul
970 2677 1109 2739 hinc,
1144 2681 1323 2746 procul
1346 2681 1463 2733 inde
1486 2681 1665 2748 puellae

916 2778 940 2830 I
963 2796 995 2839 4
1587 2781 1688 2832 Le-
