1941 3363
380 220 988 274 TABULARUM
1043 220 1646 276 EXPLICATIO.

385 339 469 389 Ex
492 355 744 390 marmore
769 337 924 388 Rom.
948 338 1155 389 Gruter.
1177 339 1375 404 Speetat
1404 340 1504 390 Sat.
1519 345 1567 392 6.
1592 343 1776 403 ff4454

320 427 380 478 F.
403 445 448 477 2.
476 429 587 479 Ova
610 427 874 478 Castorum
890 437 939 476 et
952 424 1308 490 delphinorum
1324 432 1576 484 columnae
1593 432 1645 483 in
1663 432 1773 483 Cir-

381 532 442 564 co
466 513 720 566 Maximo,
775 512 943 564 Phalae
972 524 1111 564 erant
1136 513 1336 579 opificia
1357 517 1541 582 lignea,
1565 529 1616 569 et
1636 536 1747 576 ova,

381 601 631 654 machinae
656 614 829 654 ovatae.
878 602 1052 654 Mont.
1079 613 1205 653 tom.
1252 606 1299 655 6.
1344 606 1415 672 pl.
1442 623 1551 672 159.
1575 606 1774 673 Spedlnt

383 692 483 742 Sat.
510 693 556 740 6.
576 691 629 748 ψ.
659 697 773 756 589.

315 778 376 830 F.
396 796 441 842 3.
463 777 754 830 Scriniarius
777 795 899 829 cum
921 775 1101 828 libellis
1123 777 1417 830 constrietis.
1443 780 1596 846 Spon.
1618 781 1774 848 spec..

375 877 451 918 tat
468 868 571 919 Sat..
586 882 630 931 7.
648 867 702 920 ψ.
721 883 829 930 107.
1700 888 1703 889 ⁷

246 1050 387 1102 VIII.
407 1049 466 1103 F.
493 1068 535 1100 1.
556 1046 779 1100 Achilles
816 1064 844 1097 a
867 1046 1093 1098 Chirone
1131 1047 1336 1099 edoetus
1366 1046 1549 1099 fidibus
1575 1066 1772 1106 canere.

376 1130 574 1189 Chiron
609 1134 892 1186 diademate
921 1135 1114 1186 cinetus
1151 1134 1238 1192 est,
1276 1145 1326 1186 et
1347 1133 1550 1189 citharae
1579 1133 1773 1202 jugum

375 1223 638 1292 quomodo
671 1222 1005 1282 tendendum,
1039 1221 1260 1288 fidesque
1291 1223 1632 1289 temperandae
1657 1224 1771 1283 fint,

376 1315 644 1382 egregium
687 1297 1056 1364 adoloscentem
1092 1309 1353 1363 Achillem
1391 1311 1556 1364 docet.
1628 1312 1769 1367 Mus.

374 1403 512 1454 Flor.
538 1412 665 1453 tom.
689 1419 734 1451 2.
762 1400 830 1466 pl.
851 1417 927 1465 25.
953 1399 1040 1465 fig.
1068 1417 1112 1450 2.
1165 1399 1363 1465 Spe&a.t
1388 1400 1486 1451 Sat.
1508 1415 1555 1464 7.
1580 1401 1636 1455 st.
1656 1417 1770 1454 210⁴²

310 1492 371 1545 F.
395 1509 438 1542 2.
460 1490 747 1543 Mercurius
762 1487 1083 1539 Terminalis.
1102 1487 1312 1538 Hermae
1331 1498 1469 1541 erant
1486 1486 1623 1553 cippi
1639 1486 1771 1551 lapi-2

374 1567 457 1634 dei
490 1580 554 1632 ad
583 1580 776 1631 viarum
802 1576 1086 1628 discrimina
1111 1575 1379 1630 indicanda
1411 1576 1579 1629 erecti.
1616 1574 1770 1642 Poly-

373 1685 496 1727 met.
555 1672 754 1738 SpeCIat
778 1669 878 1719 Sat.
901 1673 945 1718 8.
972 1668 1024 1725 ψ.
1049 1684 1126 1732 53.

306 1768 367 1820 F.
388 1784 435 1831 3.
454 1759 677 1813 Viemria
699 1760 749 1810 in
774 1757 907 1824 biga.
941 1755 1155 1807 Stoschii
1175 1756 1329 1807 Gem.
1350 1753 1437 1819 fig.
1453 1775 1539 1817 41.
1570 1755 1771 1821 Spestat

374 1854 475 1904 Sat.
501 1855 545 1899 8.
570 1849 623 1904 ss.
640 1850 668 1897 6
674 1865 719 1910 3.
757 1845 864 1911 Qi
892 1844 1160 1910 praemium
1185 1843 1241 1895 in
1265 1842 1411 1895 cursu
1442 1841 1768 1908 affequeban-

371 1952 474 1997 tur,
497 1935 549 1986 id
572 1932 811 1984 Vi8coriae
833 1930 1034 1982 numini
1050 1927 1190 1996 cujus
1208 1931 1379 1996 imago
1396 1930 1449 1980 in
1473 1929 1627 1981 Circo
1640 1927 1769 1980 vise-

369 2029 536 2084 batur,
574 2021 880 2079 tribuebant,
918 2019 1133 2085 ideoque
1156 2018 1444 2086 frequentes
1467 2018 1521 2069 in
1546 2018 1768 2084 gemmis

369 2115 500 2181 bigae
525 2129 647 2165 cum
669 2108 893 2160 vietoria
916 2107 1192 2174 insculptae.

306 2208 369 2260 F.
388 2224 436 2266 4.
461 2201 616 2254 Miles
654 2197 717 2250 ad
757 2196 1080 2249 Centurionis
1120 2195 1377 2262 flagellum
1416 2193 1762 2263 expavescens,

371 2297 535 2348 Num.
561 2292 723 2358 gentis
746 2289 930 2342 Didiae.
991 2290 1191 2356 speetat
1216 2291 1317 2342 Sat.
1341 2295 1385 2341 8.
1409 2290 1464 2344 ψ.
1483 2304 1599 2353 247.

241 2474 334 2529 IX.
359 2467 609 2522 Retiarius
634 2483 756 2516 cum
778 2463 1016 2518 secutore.
1044 2462 1212 2518 Graev.
1230 2463 1384 2518 Rom.
1402 2463 1581 2533 Antiq.
1611 2463 1764 2530 Spec-

373 2568 447 2608 tat
464 2555 562 2609 Sat.
593 2557 637 2603 8.
662 2551 715 2607 ss.
744 2567 854 2611 204.
1689 2549 1693 2551 ’

1691 2718 1759 2771 Χ.
