1941 3363
287 249 431 309 -142
583 227 998 315 JUVENAms
1061 225 1353 294 SATYRA
1410 235 1558 296 XIV.

290 372 452 427 Dirue
473 373 781 426 Maurorum
805 371 1030 437 attegias,
1066 373 1261 427 castella
1283 376 1601 443 Brigantum,

290 473 367 524 Ut
389 470 696 537 locupletem
721 469 944 536 aquilam
969 469 1063 521 tibi
1085 470 1410 537 sexagesimus
1433 491 1594 526 annus

290 569 515 621 Afferat:
552 580 654 628 aut,
688 568 864 632 longos
887 567 1162 619 castrorum
1185 568 1314 621 ferre
1334 570 1528 623 labores

290 669 343 721 Si
365 669 520 735 piget,
556 679 606 719 et
629 666 883 733 trepidum
905 664 1100 718 solvunt
1123 667 1217 719 tibi
1240 686 1428 720 cornua
1449 679 1680 721 ventrem
1767 691 1773 693 >

286 766 426 835 Cum
449 765 584 817 lituis
607 765 791 824 audita,
805 809 810 817 .
826 783 967 830 pares
1001 764 1139 830 quod
1160 764 1373 818 vendere
1395 765 1543 833 poffis
1661 804 1663 807 -
1702 782 1799 817 200

288 849 452 912 Pluris
476 860 707 921 dimidio,
741 879 836 912 nec
863 872 912 911 te
934 858 1129 911 fastidia
1154 862 1337 913 mercis

288 957 459 1009 Ullius
482 957 688 1009 subeant
713 956 999 1023 ablegandae
1021 956 1256 1010 Tiberim
1280 959 1440 1010 ultra:

289 1054 413 1108 Neu
436 1056 604 1107 credas
629 1056 924 1122 ponendum
947 1056 1139 1122 aliquid
1165 1055 1463 1108 discriminis
1486 1056 1618 1108 inter

290 1153 570 1218 Unguenta
592 1164 642 1204 et
663 1151 880 1204 corium.
945 1152 1103 1202 Lucri
1125 1151 1287 1203 bonus
1310 1152 1380 1202 est
1403 1152 1529 1204 odor
1550 1171 1613 1205 ex
1634 1170 1688 1204 re

292 1247 552 1316 Qlibet.
620 1246 713 1299 Illa
734 1258 825 1299 tuo
847 1246 1087 1298 sententia
1108 1247 1301 1313 semper
1323 1247 1374 1298 in
1399 1266 1485 1299 ore
1704 1263 1802 1313 205

288 1339 544 1399 Versetur,
576 1339 674 1391 Dis
699 1351 849 1405 atque
870 1338 974 1403 ipso
995 1337 1120 1403 Jove
1143 1338 1315 1403 digna,
1351 1343 1534 1403 poetae.

292 1438 445 1489 Unde
467 1437 649 1490 habeas
676 1436 856 1504 quaerit
877 1454 1029 1488 nemo
1045 1458 1062 1495 3
1097 1435 1179 1488 sed
1200 1447 1400 1502 oportet
1421 1435 1623 1489 habere.
1669 1482 1671 1484 .

291 1535 413 1589 Hoc
434 1534 713 1588 monstrant
737 1532 915 1586 vetulae
939 1533 1102 1598 pueris
1124 1531 1441 1598 poscentibus
1463 1533 1613 1584 affem
1628 1555 1660 1592 ς,

293 1629 413 1684 Hoc
440 1629 634 1679 discunt
659 1644 836 1684 omnes
861 1638 974 1678 ante
999 1625 1150 1692 alpha
1169 1636 1219 1676 et
1241 1624 1357 1677 beta
1377 1625 1572 1691 puellae.

290 1721 502 1773 Talibus
525 1720 793 1772 instantem
815 1719 1038 1778 monitiS,
1074 1735 1435 1784 quemcunque
1460 1730 1719 1784 parentem
1798 1772 1806 1775 μ

295 1817 375 1868 Sic
397 1817 587 1883 poffem
613 1815 780 1867 affari:
819 1815 917 1874 dic,
952 1814 984 1865 ὃ
1008 1814 1281 1875 vaniffime‚
1316 1814 1430 1879 quis
1455 1826 1505 1865 te
1705 1831 1803 1874 211,

291 1911 737 1980 Festinarejubet?
776 1912 1039 1962 meliorem
1063 1911 1240 1978 praesto
1265 1911 1502 1976 magistro
1804 1889 1809 1892 Π

291 2009 633 2075 Discipulum.
702 2008 912 2059 Securus
936 2007 1043 2065 abi;
1079 2007 1308 2066 vinceriS‚
1342 2018 1400 2058 ut
1421 2005 1554 2074 Ajax

291 2103 538 2155 Praeteriit
557 2102 913 2161 Telamonem,
941 2113 997 2152 ut
1020 2100 1166 2152 Pelea
1189 2100 1309 2152 vicit
1329 2081 1572 2153 Achilles,-

293 2199 609 2253 Parcendum
635 2199 703 2250 est
726 2198 905 2250 teneris
918 2222 932 2257 ς
968 2197 1201 2249 nondum
1222 2196 1493 2263 implevere
1514 2196 1756 2248 medullas

293 2296 493 2349 Nativae
519 2297 651 2348 mala
673 2297 927 2362 nequitiae.
997 2297 1136 2347 Cum
1159 2298 1353 2361 pestere
1376 2294 1584 2346 barbam
1707 2299 1800 2347 216

293 2395 538 2461 Coeperit,
574 2405 624 2444 et
645 2393 785 2459 longi
809 2411 1108 2445 mucronem
1131 2392 1396 2443 admittere
1416 2391 1582 2452 cultri,

293 2490 462 2542 Falsus
486 2491 583 2540 erit
608 2488 759 2547 testis,
795 2488 975 2539 vendet
998 2486 1212 2555 perjuria
1233 2487 1428 2540 summa

292 2585 509 2649 Exigua,
545 2597 595 2635 et
620 2584 815 2634 Cereris
842 2596 1047 2648 tangens
1070 2601 1307 2649 aramque
1331 2584 1631 2651 pedemque.

296 2680 494 2734 Elatam
510 2681 621 2748 jam
646 2682 791 2734 crede
815 2700 1018 2741 nurum,
1054 2682 1088 2734 fi
1112 2682 1293 2753 limina·
1310 2681 1463 2734 vestra
1705 2698 1801 2732 220

315 2775 346 2807 ’τ
1650 2778 1799 2830 Mor-
