1941 3363
276 264 402 306 120
580 234 990 329 JUVENAMS
1045 244 1319 305 SATYR‘A
1380 252 1500 305 XII.

268 400 489 451 Fundite
512 418 621 465 quae
646 418 758 450 mea
783 400 912 460 sunt,
949 399 1163 460 dicebat,
1197 402 1396 460 cuncta,
1435 374 1682 460 Catuilus,
1737 408 1749 418 ²
1772 375 1785 399 ’-

265 498 583 563 Praecipitare
600 496 776 548 ‘volens
798 497 949 547 etiam
974 496 1289 562 pulcerrima,
1323 498 1512 549 vestem

267 597 598 661 Purpuream,
634 595 815 645 'teneris
840 613 1043 661 quoque
1065 595 1431 646 Maecenatibus
1455 607 1645 661 aptam,

268 696 442 759 Atque
464 692 598 750 alias,
635 708 851 756 quarum
873 690 1091 756 generofi
1117 691 1356 756 graminis
1381 690 1547 758 ipsum
1722 677 1789 751 46

268 792 454 843 Infecit
481 802 656 841 natura
678 807 849 855 pecus,
884 788 966 839 sed
988 800 1037 839 et
1061 788 1290 854 egregius
1314 788 1446 848 fons,

269 888 479 940 Viribus
502 887 712 938 occuitis
737 897 786 936 et
809 886 1020 937 Baeticus
1045 883 1243 951 adjuvat
1265 891 1364 937 ae'r.

268 988 361 1040 Ille
384 1004 479 1038 nec
503 997 766 1050 argentum
791 983 1054 1035 dubitabat
1075 983 1292 1043 mittere,
1328 984 1492 1037 lances

269 1082 541 1135 Parthenio
566 1080 737 1140 factaS,
775 1098 909 1131 urnae
932 1090 1119 1131 cratera
1140 1098 1393 1146 capacem,

269 1181 342 1232 Et
366 1179 579 1243 dignum
601 1175 794 1226 sitiente
818 1173 998 1233 Pholo,
1033 1173 1110 1225 vel
1135 1172 1348 1241 conjuge
1372 1174 1537 1226 Fusci.
1724 1161 1788 1240 43

271 1273 420 1325 Adde
445 1284 495 1322 et
518 1269 798 1329 bascaudas,
834 1280 883 1319 et
907 1267 1046 1318 mille
1069 1268 1262 1329 escaria,
1299 1269 1525 1320 multum

273 1368 470 1426 Caelati‚
505 1365 698 1416 biberat
721 1382 824 1429 quo
848 1362 1052 1414 callidus
1078 1373 1278 1427 emptor
1301 1362 1538 1429 Olynthi.

272 1465 370 1517 Sed
394 1465 506 1530 quis
534 1481 669 1513 nunc
695 1461 836 1519 alius,
874 1477 974 1525 qua
997 1441 1180 1509 mundi
1207 1470 1345 1524 parte
1367 1461 1497 1526 quiS,
1533 1461 1684 1513 audet

274 1567 505 1630 Argento
531 1559 760 1627 praeferre
784 1569 952 1624 caput,
988 1557 1234 1623 rebusque
1258 1558 1467 1609 salutern
1489 1558 1508 1608 ?

268 1663 395 1716 Non
419 1670 624 1727 propter
644 1657 803 1707 vitam
826 1654 1020 1706 faciunt
1044 1655 1345 1718 patrimonia
1367 1654 1595 1721 quidam,
1716 1647 1790 1722 go

273 1758 372 1810 Sed
395 1758 518 1809 vitio
543 1755 663 1806 caeci
686 1764 891 1818 propter
913 1751 1215 1816 patrimonia
1237 1752 1430 1802 vivunt.
1748 1746 1758 1749 ⁷*

269 1857 497 1923 jactatur
519 1869 688 1902 rerum
714 1848 916 1901 utilium
940 1866 1050 1913 pars
1078 1848 1302 1898 maxima
1316 1870 1332 1906 3
1368 1847 1448 1898 sed
1471 1866 1564 1899 nec

269 1954 478 2006 Damna
499 1950 684 2002 levant.
752 1948 923 2005 Tunc,
960 1945 1165 1996 adverfis
1191 1946 1506 2011 urgentibus,
1541 1947 1662 1999 illuc

269 2051 496 2107 Recidit,
532 2060 589 2100 ut
614 2047 810 2098 malurn
836 2045 966 2096 ferro
990 2045 1344 2104 summitteret,
1381 2064 1436 2096 ac
1460 2045 1506 2096 se

271 2148 510 2215 Explicat
536 2142 823 2208 angustum,
859 2140 1158 2193 discriminis
1185 2140 1367 2191 ultima
1389 2142 1594 2207 quando
1720 2161 1788 2210 ,55

270 2244 500 2298 Praefidia
522 2241 798 2298 afferimus,
835 2256 1015 2289 navem
1039 2237 1230 2288 factura
1255 2239 1525 2289 minorem.
1740 2230 1747 2233 ’
1775 2234 1777 2238 ’

271 2344 298 2395 I
325 2360 480 2400 nunc,
516 2352 565 2391 et
589 2338 749 2389 ventis
774 2337 998 2387 animam
1020 2336 1306 2394 committe,
1334 2335 1501 2387 dolato

276 2439 509 2494 Confisus
533 2438 691 2505 ligno,
712 2436 881 2502 digitis
905 2453 931 2485 a
955 2446 1118 2485 morte
1142 2446 1367 2484 remotus

276 2541 528 2607 Qatuor,
564 2526 619 2587 ac
643 2535 851 2600 septem,
887 2532 921 2583 fi
942 2532 999 2582 fit
1023 2531 1254 2582 latiffirna
1279 2532 1423 2583 taeda.

267 2636 403 2688 Mox
426 2652 549 2685 cum
573 2630 812 2689 reticulis,
847 2642 896 2679 et
919 2646 1064 2694 pane,
1100 2640 1149 2678 et
1174 2640 1346 2678 ventre
1370 2628 1577 2694 lagenae,
1724 2614 1789 2680 6'0

272 2735 455 2803 Aspice
479 2730 738 2785 sumendas
762 2731 819 2781 in·
839 2726 1129 2795 tempestate
1148 2725 1354 2779 secureS.

381 2838 386 2841 ’
1666 2820 1671 2822 ’
1697 2820 1792 2872 Sed
