1941 3363
215 201 344 278 184
647 201 907 263 PERsrr
966 201 1243 261 SATYRA
1293 203 1361 262 V.

206 346 441 414 Qaeque
466 344 717 410 sequenda
741 344 923 403 forent,
951 356 1001 396 et
1034 365 1144 411 quae
1169 345 1371 399 vitanda
1394 343 1630 402 viciffim3

205 444 299 496 Illa
323 446 461 511 prius
488 457 638 503 creta,
665 458 788 495 mox
810 443 918 495 haec
942 445 1174 505 carbone,
1201 443 1415 496 notasti?

207 542 277 592 Es
302 541 532 592 modicus
559 539 681 599 voti,
705 538 864 605 presso
885 539 1003 599 lare,
1028 539 1188 590 dulcis
1213 538 1425 590 amicis?

205 638 324 704 Jam
347 657 484 689 nunc
507 636 795 701 adstringas,
814 633 925 701 jam
949 652 1086 687 nunc
1112 636 1337 701 granaria
1357 635 1510 696 laxes,
1640 648 1731 685 110

206 737 372 802 Inque
396 736 506 787 luto
530 734 693 785 fixum
716 733 862 800 poffis
887 732 1227 784 transcendere
1259 748 1537 784 nummum
1551 755 1568 793 3

205 832 322 885 Nec
348 833 513 898 glutto
536 830 732 882 sorbere
754 828 956 880 salivam
981 827 1378 880 Mercurialem?

206 931 336 983 Haec
362 947 476 981 mea
498 928 625 987 sunt,
653 939 817 985 tene0‚
847 942 970 975 cum
995 943 1108 975 vere
1133 925 1315 978 dixeris
1324 949 1340 986 3
1366 925 1470 977 esto

207 1027 467 1092 Liberque
490 1042 546 1075 ac
569 1022 778 1089 sapienS,
805 1020 1098 1085 praetoribus
1123 1038 1178 1071 ac
1205 1021 1331 1086 Jove
1356 1021 1551 1075 dextro.

208 1124 297 1176 Sin
325 1136 398 1183 tu,
426 1138 549 1173 cum
573 1118 726 1170 fueris
750 1116 925 1168 nostrae
949 1116 1100 1182 paulo
1126 1128 1240 1168 ante
1261 1117 1451 1179 farinae,
1644 1137 1694 1169 11
1707 1135 1735 1186 ς

208 1219 510 1274 Pelliculam
534 1230 756 1269 veterem
783 1216 982 1276 retineS,
1007 1227 1058 1266 et
1080 1214 1247 1267 fronte
1270 1217 1454 1282 politus

204 1318 441 1370 Astutam
467 1314 648 1382 vapido
673 1313 826 1365 servas
851 1312 941 1364 sub
963 1315 1163 1379 pe&ore
1183 1314 1387 1380 vulpem
1401 1339 1418 1375 ;

204 1419 340 1485 Qae
365 1415 602 1467 dederam
628 1413 788 1479 supra,
816 1425 1003 1477 repetO,
1032 1410 1315 1478 funemque
1340 1412 1539 1463 reduco·

207 1513 301 1565 Nil
327 1514 420 1564 tibi
446 1511 681 1564 conceffit
706 1511 861 1562 ratio:
889 1510 1111 1575 digitum
1139 1528 1301 1569 exere,
1328 1527 1521 1575 peccas.

209 1615 281 1667 Et
307 1613 432 1680 quid
457 1624 561 1663 tam
585 1628 799 1677 parvum
823 1607 919 1659 est?
950 1608 1030 1659 sed
1054 1608 1195 1660 nullo
1219 1608 1369 1659 thure
1394 1608 1581 1669 litabis,
1646 1627 1737 1661 120

208 1713 416 1765 Haereat
439 1710 493 1761 in
517 1708 674 1760 stultis
700 1707 862 1758 brevis
888 1720 943 1758 ut
970 1707 1225 1758 semuncia
1250 1707 1388 1758 recti.

210 1809 341 1860 Haec
368 1806 573 1858 miscere
597 1804 734 1856 nefas
749 1829 764 1864 ;
797 1823 888 1855 nec
912 1822 1033 1855 cum
1058 1803 1114 1854 fis
1142 1818 1320 1855 caetera
1342 1803 1508 1864 foffor,

211 1907 341 1958 Tres
364 1919 567 1959 tantum
591 1905 652 1956 ad
679 1922 917 1956 numeros
943 1904 1087 1970 satyri
1112 1921 1344 1954 moveare
1368 1902 1604 1969 Bathylli.

210 2001 367 2054 Liber
389 2020 499 2067 ego.
540 2001 690 2052 Unde
715 1999 890 2050 datum
914 1998 1013 2050 hoc
1037 1999 1209 2059 sumis,
1237 2011 1312 2050 tot
1337 1998 1532 2050 subdite
1557 1998 1738 2051 rebus?

211 2103 298 2153 An
322 2101 593 2153 dominum
616 2101 832 2165 ignoras,
860 2097 948 2149 nifi
975 2116 1131 2164 quem
1152 2098 1372 2149 vindieta
1393 2098 1605 2150 reiaxat?
1649 2116 1738 2166 125

210 2202 236 2253 I
262 2220 401 2268 puer,
427 2213 476 2252 et
499 2200 708 2266 strigiles
736 2198 955 2264 Crispini
983 2199 1044 2248 ad
1069 2198 1245 2249 balnea
1269 2198 1423 2250 defer.

214 2302 266 2352 Si
292 2301 559 2366 increpuit,
586 2298 751 2357 ceffas,
776 2298 1024 2362 nugator?
1056 2297 1313 2350 servitium
1336 2315 1448 2348 acre

216 2399 298 2449 Te
322 2397 450 2450 nihil
474 2395 725 2462 impellit?
768 2413 859 2446 nec
884 2396 1162 2461 quicquam
1187 2394 1488 2446 extrinsecus
1513 2392 1683 2454 intrat,

213 2494 371 2564 Qd
395 2510 568 2544 nervos
596 2492 779 2557 agitet?
826 2491 907 2541 sed
930 2491 964 2542 fi
989 2493 1124 2543 intus
1153 2504 1203 2542 et
1228 2490 1466 2557 injecore
1484 2510 1621 2556 aegro

212 2593 504 2644 Nascuntur
526 2590 738 2649 domini,
764 2591 853 2656 qui
879 2602 934 2641 tu
959 2591 1263 2656 impunitior
1289 2591 1410 2649 exis,
1649 2609 1742 2655 130

213 2692 389 2757 Atque
399 2687 504 2749 hic,
525 2706 682 2755 quem
702 2686 762 2739 ad
783 2686 989 2753 strigiles
1006 2687 1194 2740 scutica
1212 2700 1261 2741 et
1278 2702 1442 2742 metus
1461 2687 1562 2753 egit
1578 2686 1773 2742 herilis?

1591 2786 1770 2847 Mane,
