1941 3363
719 221 1146 283 NOTAE.
1563 245 1683 289 201

236 383 313 434 51.
352 364 580 427 Venusina
603 364 814 417 lucerna.
884 367 1159 419 Lucernam
1182 365 1323 426 dicit,
1349 365 1470 433 quia
1494 365 1692 434 satyrici

165 464 229 516 ad
251 465 488 516 omnium
517 463 653 523 vitia,
686 463 825 529 quafi
854 463 1113 516 lucernam
1143 464 1431 525 admovent,
1465 477 1516 518 et
1545 479 1602 519 ut
1632 486 1688 519 a-

163 563 365 623 durant,
414 576 463 615 et
508 575 565 614 ut
603 562 865 614 ostendant
907 564 1149 615 crimina:
1199 564 1473 627 Venzzfinam
1517 578 1690 618 autem

161 661 296 721 ideo,
320 662 438 727 qula
463 661 570 712 haec
594 660 692 712 fuit
715 661 888 712 civitas
912 662 1133 713 Horatii.
1191 665 1297 714 Vet.
1325 663 1476 716 Schol.

229 765 307 824 58.
346 760 531 810 Curam
577 757 796 810 cohortis.
884 758 1122 810 Militum
1168 760 1518 815 tribunatum:
1575 763 1684 816 Vct.

159 857 311 909 Sclzol.
337 858 369 908 i.
399 876 437 907 e.
468 857 576 907 mil.
603 875 701 918 420
728 859 797 907 ait
831 856 973 922 szs

224 956 306 1004 62.
343 955 528 1005 Amica>
563 954 838 1006 lacernatae.
908 953 1127 1006 Amicam
1162 953 1460 1007 lacernatam
1502 974 1685 1022 genere

155 1047 428 1100 foeminino
454 1049 608 1100 Poeta
637 1048 923 1114 appellavit,
951 1066 1008 1099 ac
1027 1048 1062 1099 fi
1087 1049 1275 1100 diceret
1306 1050 1468 1102 amicae
1500 1050 1684 1115 mastu-

156 1143 242 1204 lae;
278 1143 377 1196 hoc
401 1145 487 1204 est,
513 1145 678 1196 amicae
701 1163 814 1210 quae
840 1144 1051 1196 omnino
1078 1145 1152 1194 vir
1175 1156 1279 1196 erat
1287 1168 1303 1204 3
1343 1162 1464 1197 nam
1489 1146 1684 1201 lacerna

156 1242 298 1296 vestis
321 1242 391 1294 est
414 1242 586 1293 virilis,
654 1242 988 1294 Britannicus.

223 1344 303 1392 68.
340 1340 545 1404 Exiguis
579 1337 770 1391 tabulis.
856 1339 1033 1391 Haeres
1072 1356 1136 1390 ex
1176 1339 1269 1392 affe
1308 1357 1412 1392 non
1456 1341 1684 1395 adhibita

157 1437 323 1489 multa
346 1437 630 1503 scriptione.

220 1541 300 1599 78.
337 1537 681 1587 Praetextatus
705 1532 910 1585 adulter.
936 1533 969 1585 i.
989 1552 1028 1585 e.
1053 1551 1177 1599 puer
1199 1532 1383 1597 adhue,
1405 1553 1526 1587 nam
1547 1555 1679 1604 prae-

150 1645 289 1686 texta
314 1632 458 1684 vestis
483 1631 582 1683 fuit
605 1650 896 1696 puerorum.

218 1751 246 1796 9
255 1748 297 1796 5.
333 1731 483 1782 Nunc
505 1728 731 1794 sportula
761 1728 935 1795 primo.
1005 1729 1144 1794 Ergo
1172 1748 1275 1782 non
1308 1708 1538 1798 tempore¹
1562 1733 1675 1784 Do·-

149 1828 349 1880 mitiani
382 1827 492 1881 haec
536 1828 708 1893 Satyra
751 1825 929 1894 scripta
969 1826 1070 1888 est3
1113 1828 1198 1880 ille
1244 1830 1434 1881 etenim
1476 1848 1676 1882 coenam

150 1926 338 1975 restam
363 1921 625 1974 revocavit.

221 2036 330 2083 127.
367 2018 471 2083 Ipſs’
493 2016 603 2070 Δία.
638 2018 871 2072 ironicos,

215 2136 238 2183 ,ι
251 2121 329 2165 28.
365 2114 599 2186 Jurisque
620 2115 811 2180 peritus
834 2116 1020 2182 Apollo.
1089 2118 1270 2169 Facete
1294 2130 1443 2184 poeta
1461 2120 1675 2185 peritum

131 2213 269 2280 juris
292 2211 592 2278 Apollinem
615 2213 913 2274 nominavit,
945 2215 1081 2279 quasi
1116 2216 1207 2281 qui
1237 2214 1418 2266 affidue
1445 2216 1556 2267 lites
1583 2236 1674 2269 au-

146 2311 330 2364 diendo
348 2308 476 2376 juris
501 2311 689 2376 peritus
714 2310 830 2362 effet
853 2311 1030 2363 faetus
1098 2313 1300 2367 Britan.

218 2428 326 2474 131.
365 2409 515 2475 Cujus
546 2409 613 2460 ad
637 2409 825 2479 ffgiem
848 2411 947 2462 &a
994 2411 1079 2462 Ad
1102 2410 1241 2478 cujus
1264 2413 1546 2479 imaginem
1568 2432 1674 2465 non

146 2518 348 2559 tantum
376 2508 580 2559 licitum
614 2506 814 2575 mejere,
844 2509 924 2560 sed
947 2511 1102 2561 etiam
1138 2511 1332 2562 oletum
1365 2510 1545 2563 facere.
1593 2512 1674 2563 Sic

145 2608 469 2671 Interpretes:
504 2606 785 2682 sedlcontra
808 2619 1038 2659 mentem
1063 2608 1329 2668 AuthoriS,
1357 2609 1448 2674 qui
1471 2609 1672 2676 AEgyp-

146 2700 205 2756 tii
233 2698 384 2767 hujus
411 2698 624 2757 statuam
658 2701 877 2755 sancitam
901 2700 1075 2755 haberi
1097 2702 1237 2764 dicit,
1268 2714 1328 2755 ut
1361 2720 1424 2754 ne
1457 2702 1671 2770 quidem

174 2806 176 2808 ’
1607 2793 1670 2845 ad
