1941 3363
251 260 330 322 82
533 260 959 345 JUvENALrs
1020 259 1300 344 SATYRA
1347 267 1492 318 VIII.

246 404 371 456 Non
391 404 527 455 idem
547 405 766 468 gemitus
791 402 934 462 olim,
967 420 1132 468 neque
1154 402 1334 453 vulnus
1358 413 1460 453 erat
1483 418 1571 468 par

249 504 595 561 Damnorum,
629 501 769 552 sociis
793 499 1104 559 florentibus,
1140 511 1190 549 et
1213 499 1367 550 modo
1383 498 1542 549 victis.

246 603 400 654 Plena
422 603 603 652 domus
624 612 746 652 tunc
769 600 952 660 omniS,
986 611 1037 650 et
1061 600 1236 663 ingens
1260 599 1417 649 stabat
1439 613 1639 648 acervus
1666 613 1757 646 100

246 700 618 758 Nummorum,
655 700 892 763 Spartana
916 696 1158 762 chlamy8‚
1186 695 1448 761 conchylia
1470 695 1593 753 Coa,

247 799 317 850 Et
340 816 461 849 cum
485 795 723 847 Parrhasii
746 795 926 846 tabulis
953 794 1198 860 [ignisque
1219 794 1450 859 Myronis

248 895 547 946 Phidiacum
569 892 764 943 vivebat
790 891 930 951 ebur,
964 909 1160 942 necnon
1181 889 1422 956 Polycleti

248 994 452 1045 Multus
476 992 667 1056 ubique
691 989 830 1040 labor
839 1012 854 1048 3
890 1007 1007 1039 rarae
1030 989 1128 1040 fine
1152 988 1390 1039 Mentore
1414 985 1610 1038 mensae.

249 1090 374 1142 Inde
397 1087 659 1140 Dolabella
683 1086 768 1147 est,
804 1099 955 1152 atque
975 1085 1097 1136 hinc
1119 1085 1392 1143 Antonius,
1427 1083 1543 1134 inde
1668 1099 1725 1132 10
1730 1097 1757 1147 ς

252 1187 525 1251 Sacrilegus
543 1186 740 1236 Verres.
808 1183 1114 1235 Referebant
1137 1183 1345 1233 navibus
1370 1183 1479 1233 altis

251 1283 471 1334 Occulta
490 1281 659 1347 spolia,
694 1293 745 1332 et
768 1280 931 1346 plures
958 1278 1020 1330 de
1044 1297 1165 1344 pace
1188 1276 1492 1344 triumphos,

249 1377 408 1429 Nunc
432 1376 572 1427 sociis
583 1373 710 1442 juga
732 1392 890 1441 pauca
909 1374 1087 1432 boum,
1109 1384 1159 1425 et
1184 1391 1306 1438 grex
1321 1389 1498 1439 parvus
1515 1387 1778 1439 equarum,

250 1473 322 1524 Et
344 1483 483 1539 pater
505 1472 719 1523 armenti
741 1483 889 1536 capto
907 1470 1142 1535 eripietur
1167 1469 1358 1534 agello:

253 1568 352 1633 Ipfi
374 1567 553 1618 deinde
572 1567 712 1625 lareS,
735 1566 769 1616 fi
795 1564 934 1631 quod
956 1563 1217 1630 spectabile
1237 1563 1434 1628 fignum
1455 1587 1471 1622 ;
1670 1581 1688 1613 1
1704 1580 1763 1614 10

254 1666 304 1715 Si
329 1666 442 1731 quis
464 1665 516 1716 in
542 1663 748 1715 aedicula
771 1663 912 1714 Deus
936 1661 1115 1711 unicus
1133 1683 1148 1719 3
1185 1659 1292 1710 haec
1314 1660 1503 1711 etenim
1527 1660 1642 1711 sunt

254 1761 352 1811 Pro
375 1760 611 1811 summis:
647 1777 766 1809 nam
789 1757 901 1808 sunt
924 1756 1031 1806 haec
1056 1755 1293 1806 maxima.
1363 1755 1619 1821 Despicias
1639 1766 1696 1805 tu

254 1856 478 1906 Forsitan
508 1854 735 1905 imbelles
760 1852 1007 1912 Rhodios,
1032 1854 1341 1917 unctamque
1362 1849 1667 1901 Corinthum
1677 1873 1693 1909 3

258 1950 513 2015 Despicias
536 1950 735 2000 merim.
804 1948 943 2015 Qid
967 1945 1440 2013 refinatajuventuS,

256 2048 300 2096 C
306 2063 518 2110 ruraque
539 2044 692 2095 totius
716 2042 901 2094 facient
925 2043 1016 2094 tibi
1039 2042 1164 2093 levia
1186 2041 1380 2105 gentis?
1667 2061 1685 2091 1
1704 2056 1758 2107 15

256 2139 476 2191 Horrida
500 2136 700 2187 vitanda
718 2135 787 2187 est
810 2135 1071 2201 Hispania,
1107 2135 1333 2186 Gallicus
1357 2134 1478 2193 axis,

256 2232 619 2296 Illyricumque
640 2229 787 2279 latus.
819 2212 823 2214 ”
856 2228 1007 2278 Parce
1031 2240 1079 2277 et
1104 2225 1395 2276 messoribus
1419 2225 1532 2285 illis,

257 2329 364 2396 Q
386 2327 602 2378 saturant
625 2324 824 2383 urbem,
858 2324 1009 2381 circo,
1044 2321 1299 2388 scenaeque
1319 2335 1596 2374 vacantem.

257 2429 462 2495 Qnta
484 2436 656 2474 autem
679 2423 794 2472 inde
816 2421 942 2472 feres
965 2432 1070 2471 tam
1096 2420 1212 2470 dirae
1235 2421 1439 2485 praemia
1460 2422 1640 2486 culpae,

255 2528 395 2576 Cum
420 2535 592 2573 tenues
616 2539 775 2586 nuper
795 2520 988 2571 Marius
1011 2519 1295 2569 discinxerit
1319 2517 1500 2570 Afros?
1673 2538 1760 2572 120

254 2619 552 2672 Curandum
577 2619 629 2667 in
652 2618 844 2683 primis,
880 2635 941 2668 ne
967 2633 1149 2679 magna
1170 2614 1350 2681 injuria
1370 2614 1456 2666 fiat

257 2716 492 2770 Fortibus
512 2726 559 2765 et
576 2712 761 2765 miseris
782 2732 793 2765 ;
821 2712 961 2765 tollas
987 2711 1102 2763 licet
1125 2729 1276 2764 omne
1301 2713 1437 2778 quod
1458 2712 1666 2779 usquam
1692 2711 1761 2764 est

1632 2809 1760 2864 Auri
