1941 3363
264 243 394 290 200

580 370 674 447 N
864 372 941 448 O
1128 367 1209 450 T
1398 371 1509 449 AE

971 573 1111 626 AD

334 733 1037 819 JUVENALIS
1130 691 1727 795 SATYRAS.

647 961 696 1011 A
721 960 773 1011 D
830 958 858 1008 S
886 958 934 1008 A
959 957 1010 1009 T
1033 957 1084 1010 Y
1108 958 1159 1009 R
1184 958 1233 1009 A
1255 957 1321 1009 M
1375 958 1417 1010 Ι.

430 1071 474 1121 Ε
488 1071 552 1122 R.
574 1091 621 1133 4.
646 1074 818 1135 Ingens
835 1069 1076 1138 Telephus.
1101 1070 1303 1136 Prolixa
1324 1070 1385 1123 de
1405 1069 1636 1138 Telepho
1651 1069 1785 1122 Tra-

455 1169 639 1233 goedia.

323 1267 370 1314 6.
407 1263 627 1328 Scriptus
650 1274 696 1313 et
718 1263 766 1314 in
792 1273 944 1325 tergo,
975 1246 980 1248 ⁷
1015 1263 1173 1330 Qd
1197 1272 1379 1327 praeter
1411 1262 1617 1314 solitum
1647 1272 1781 1321 erat;

253 1377 372 1411 cum
396 1360 448 1409 in
473 1358 699 1409 interiori
724 1369 923 1408 tantum
945 1368 1085 1421 parte
1107 1355 1439 1406 scriberentur
1461 1355 1594 1406 libri.

320 1471 368 1519 7.
421 1455 585 1505 Lucus
625 1451 833 1504 Martis.
903 1450 1112 1502 Flavius
1148 1450 1272 1515 legit
1308 1450 1461 1502 lubi'us
1498 1449 1691 1503 Martis
1727 1462 1786 1503 ut

252 1570 342 1619 per
389 1550 441 1602 id
485 1550 798 1617 exprimatur
839 1548 1035 1600 bellum
1080 1545 1363 1616 Trojanum
1411 1548 1553 1615 quod
1594 1548 1783 1615 scripfit

250 1647 411 1700 Nero,

324 1767 399 1809 14.
437 1745 691 1812 Exspecf‘t'es
709 1742 881 1797 eadem.
918 1745 961 1797 F
964 1743 1228 1796 abularum
1246 1742 1436 1804 deliria,
1461 1742 1659 1796 easdem
1680 1763 1781 1798 nu-

252 1862 353 1910 gas,
426 1845 618 1904 Grang.

319 1958 396 1989 21.
434 1941 508 1990 Et
530 1935 712 2002 placidi
740 1936 990 1990 rationem.
1059 1934 1209 1989 MSS.
1252 1934 1391 1988 haud
1420 1935 1608 1989 infimae
1646 1950 1781 1992 notae

247 2034 400 2087 habet
414 2034 601 2099 placiti,
626 2034 660 2084 i.
687 2052 730 2084 e.
756 2034 1011 2100 propositi.

314 2151 394 2197 31.
431 2134 582 2183 Nova
617 2130 796 2182 ίεὲῗίεα.
868 2132 1007 2182 Cum
1046 2131 1141 2183 sale
1173 2132 1221 2179 τό
1251 2150 1396 2194 nova,
1426 2144 1484 2184 ut
1521 2133 1608 2199 qui
1634 2145 1779 2186 antea

245 2227 397 2294 pedes
423 2226 723 2277 ambularet.
797 2228 989 2290 Grang.

309 2343 393 2390 47.
429 2326 578 2378 Inani
604 2325 800 2390 judicio,
877 2329 1029 2378 Inane
1063 2326 1322 2392 judicium
1371 2329 1587 2396 appellat
1635 2330 1775 2396 quod

243 2425 637 2476 Provincialibus
672 2423 800 2476 nihil
831 2425 1096 2491 profuerit,
1132 2446 1294 2493 quum
1325 2428 1393 2479 eis
1424 2429 1637 2496 pecunia
1669 2446 1773 2480 non

243 2519 302 2570 fit
329 2519 568 2579 restituta,
608 2519 690 2570 sed
716 2520 770 2570 in
796 2521 1024 2572 aerarium
1048 2521 1225 2573 delata.
1292 2521 1627 2574 Britannicus.

309 2634 391 2680 49.
428 2615 565 2669 Bibit
588 2628 634 2669 et
649 2614 874 2683 fruitur.
910 2618 1017 2673 Dis
1038 2619 1180 2672 iratis
1201 2631 1259 2672 at
1283 2619 1382 2672 &a
1417 2620 1483 2672 fic
1505 2621 1771 2687 interpun-

239 2713 315 2780 git
352 2714 544 2778 Grang.

1494 2830 1570 2881 5¹·
1609 2813 1769 2866 Venu-
