1941 3363
438 200 847 289 JUVENALis
904 212 1182 266 SATYRA
1235 213 1357 293 VH·
1594 231 1680 294 77

157 345 348 405 sedisti,
383 364 483 412 qua
508 363 660 398 nemo
685 345 838 406 faber,
874 365 973 414 qua
996 367 1147 400 nemo
1173 349 1375 408 sederet,

156 443 264 512 Q
282 441 429 493 docet
453 441 660 516 obliquo
681 441 847 492 lanam
871 442 1112 494 deducere
1135 443 1266 496 ferro
1287 464 1300 496 :

150 539 453 593 Dummodo
477 557 576 590 non
600 552 766 605 pereat
790 542 1004 592 totidem
1026 539 1239 592 olfecisse
1261 541 1505 603 lucernas,
1565 560 1658 611 225

153 637 297 704 Qt
320 636 510 688 stabant
533 636 690 701 pueri,
726 653 846 687 cum
869 649 1004 688 totus
1030 637 1231 689 decolor
1254 638 1371 692 esset

151 732 379 792 Flaccus,
414 744 464 783 et
487 730 692 782 haereret
716 731 858 795 nigro
880 730 1039 795 fuligo
1065 733 1288 784 Maroni.

150 828 285 880 Rara
308 841 475 880 tamen
499 844 706 886 merces,
740 844 850 892 quae
873 827 1164 891 cognitione
1188 829 1379 882 tribuni

149 924 273 977 Non
298 937 456 990 egeat.
524 924 619 976 Sed
644 941 729 975 vos
752 924 894 975 saevas
919 924 1167 991 imponite
1184 924 1336 991 lege8‚

150 1020 225 1070 Ut
248 1020 543 1085 praeceptori
564 1017 832 1070 verborum
857 1019 1026 1084 regula
1046 1019 1267 1079 constet;
1564 1040 1659 1090 230

149 1117 225 1169 Ut
247 1117 379 1183 legat
401 1116 643 1177 historias,
678 1119 898 1168 austores
919 1119 1112 1170 noverit
1135 1135 1332 1176 omnes,

148 1213 422 1279 Tanquam
445 1230 637 1279 ungues
658 1211 935 1278 digitosque
958 1212 1096 1273 suos;
1132 1226 1189 1265 ut
1211 1213 1342 1266 forte
1368 1225 1568 1281 rogatus

148 1311 294 1362 Dum
316 1310 445 1376 petit
465 1322 551 1361 aut
573 1307 825 1361 Thermas
851 1321 936 1362 aut
957 1309 1140 1361 Phoebi
1163 1309 1355 1371 balnea,
1379 1310 1515 1364 dicat

147 1405 420 1458 Nutricem
444 1404 692 1465 Anchisae,
727 1405 1253 1472 nomenypatriamque
1275 1424 1496 1459 novercae

144 1501 472 1562 Archemori;
508 1501 639 1553 dicat
661 1512 786 1568 quot
807 1500 1008 1552 Acestes
1030 1501 1209 1553 vixerit
1233 1520 1406 1563 annoe,
1561 1521 1620 1571 23
1628 1521 1656 1574 ς

148 1600 292 1669 Qt
318 1599 510 1650 Siculus
536 1597 816 1663 Phrygibus
841 1598 944 1649 vini
964 1598 1220 1650 donaverit
1242 1616 1407 1651 urnas.

150 1693 375 1758 Exigite,
408 1704 464 1744 ut
487 1709 651 1742 mores
676 1704 869 1743 teneros
892 1709 984 1743 ceu
1007 1692 1188 1758 pollice
1221 1690 1389 1752 ducat,

145 1789 221 1840 Ut
246 1788 281 1839 fi
304 1787 415 1853 quis
437 1804 549 1838 cera
571 1785 767 1838 vultum
790 1784 909 1838 facit
931 1806 942 1837 z
979 1786 1182 1851 exigite,
1207 1798 1266 1838 ut
1287 1786 1346 1840 fit

146 1885 215 1935 Et
236 1896 375 1949 pater
395 1881 544 1948 ipsius
565 1894 742 1941 coetu8‚
778 1900 839 1932 ne
862 1882 1024 1948 turpia
1044 1881 1236 1942 ludant,

144 1976 230 2030 Ne
252 1975 436 2027 faciant
460 1974 665 2026 vicibus.
733 1974 857 2026 Non
880 1975 950 2026 est
972 1975 1077 2027 leve
1101 1988 1177 2027 tot
1199 1993 1472 2041 puerorum
1558 1994 1652 2040 240

144 2076 417 2127 Observare
441 2091 634 2132 manuS,
670 2073 936 2140 oculosque
960 2074 1012 2124 in
1035 2073 1134 2125 fine
1157 2086 1441 2126 trementes.

145 2175 289 2232 Haec,
325 2173 508 2238 inquit,
542 2189 677 2230 cura,
712 2171 810 2230 sed,
845 2189 966 2222 cum
991 2171 1036 2222 se
1059 2172 1260 2222 verterit
1283 2188 1459 2230 annus,

146 2268 352 2336 Accipe,
387 2266 561 2319 victori
587 2264 800 2332 populus
827 2265 964 2331 quod
987 2264 1218 2329 postulat,
1255 2283 1450 2323 aurum,

1516 2650 1655 2741 SA-
