1941 3363
200 249 342 291 102⁷
539 228 972 314 JUVENALIS
1021 228 1303 291 SAT.YRA
1353 228 1425 289 Χ.’

188 373 265 424 Ut
287 374 450 439 pueris
474 373 685 439 placea3‚
720 384 771 424 et
792 372 1089 423 declamatio
1110 371 1217 423 fias.

190 470 340 520 Unus
365 470 543 521 Pellaeo
559 469 736 535 juveni
760 488 859 520 non
883 470 1063 520 sufficit
1087 469 1223 521 orbis
1247 489 1260 520 :

189 561 387 612 AEstuat
411 561 587 612 infelix
610 561 817 625 angusto
840 561 1003 611 limite
1025 561 1222 620 mundi,

193 655 270 707 Ut
292 656 473 721 Gyarae
496 655 685 706 clausus
712 655 939 723 scopulis,
975 673 1225 722 parvaque
1250 655 1478 722 Seripho.
1613 674 1705 721 170

192 751 335 801 Cum
358 762 527 800 tamen
551 768 578 799 a
599 748 764 814 figulis
788 750 1044 802 munitam
1066 750 1321 801 intraverit
1347 749 1543 809 urbem,

196 843 514 909 Sarcophago
539 856 805 896 contentus
829 845 939 895 erit.
1006 844 1154 898 Mors
1178 844 1277 897 sola
1297 844 1483 898 fatetur

197 936 458 1005 Qntula
480 935 574 987 fint
597 937 868 988 hominum
891 936 1200 1003 corpuscula.
1269 939 1507 994 Creditur
1528 939 1653 994 olim

197 1032 489 1085 Velificatus
514 1032 696 1092 Athos5
733 1045 784 1085 et
810 1033 1072 1100 (quicquid
1095 1035 1294 1087 Graecia
1318 1036 1537 1089 mendax

199 1140 372 1192 Audet
393 1141 445 1192 in
468 1140 691 1200 historia)
716 1141 1022 1192 constratum
1048 1140 1273 1192 claflibus
1297 1141 1473 1201 isdem,
1619 1159 1675 1206 17
1682 1162 1708 1210 5

195 1234 620 1305 Suppofitumque
640 1238 758 1290 rotis
782 1238 996 1292 folidum
1022 1256 1174 1289 mare.
1246 1239 1513 1291 Credimus
1537 1239 1661 1291 altos

196 1332 446 1385 Defeciffe
469 1353 659 1394 amnes,
694 1346 938 1401 epotaque
960 1333 1173 1385 flumina
1195 1334 1357 1387 Medo

197 1426 496 1491 Prandente,
532 1444 581 1483 et
604 1431 818 1483 madidis
842 1442 1009 1482 cantat
1034 1449 1146 1497 quae
1169 1430 1414 1484 Sostratus
1437 1431 1542 1483 alis,

197 1526 290 1577 Ille
315 1540 485 1580 tamen
512 1529 669 1595 qualis
694 1529 857 1589 rediit,
893 1529 1141 1581 Salamine
1162 1528 1349 1590 relieta,

197 1626 259 1678 In
284 1645 462 1679 corum
486 1640 636 1694 atque
661 1647 840 1679 eurum
865 1627 1035 1679 solitus
1058 1627 1221 1679 saevire
1244 1626 1448 1692 flagellis
1622 1633 1713 1680 180

195 1720 460 1783 Barbarus,
496 1722 665 1774 AEolio
688 1741 951 1790 nunquam
974 1722 1072 1774 hoc
1098 1723 1151 1774 in
1175 1741 1369 1774 carcere
1391 1723 1569 1792 paffOS,

197 1817 372 1882 Ipsum
393 1819 722 1886 compedibus
747 1814 836 1886 qui
859 1819 1081 1872 vinxerat
1104 1820 1490 1885 Ennofigaeum?

198 1911 381 1964 Mitius
406 1913 457 1964 id
478 1915 605 1973 sane,
642 1915 780 1980 quod
807 1933 904 1966 non
933 1928 982 1967 et
1003 1916 1233 1981 stigmate
1257 1916 1471 1981 dignum

197 2005 427 2058 Credidit
435 2031 449 2066 ;
475 2007 594 2060 huic
618 2010 881 2076 quisquam
903 2010 1048 2062 vellet
1071 2010 1243 2061 servire
1266 2007 1534 2061 Deorum?

199 2103 295 2154 Sed
318 2106 479 2172 qualis
505 2107 683 2159 rediit?
718 2127 903 2175 nempe
927 2127 1027 2160 una
1047 2126 1187 2164 nave,
1221 2090 1439 2159 cruentis
1621 2112 1709 2173 185

196 2195 479 2260 Flufflbus,
515 2219 571 2252 ac
595 2202 733 2252 tarda
755 2220 842 2267 per
866 2202 1011 2253 densa
1033 2202 1267 2253 cadavera
1288 2219 1451 2267 prora.

195 2291 309 2344 Has
334 2296 480 2347 toties
503 2309 672 2364 optata
689 2299 854 2363 exegit
879 2299 1037 2364 gioria
1057 2315 1246 2365 poenaS.

193 2384 281 2439 Da
303 2387 517 2454 spatium
542 2393 672 2451 vitae,
709 2393 896 2444 multos
922 2394 985 2444 da
1007 2393 1207 2459 Jupiter
1230 2409 1415 2444 annos:

194 2478 317 2531 Hoc
342 2485 475 2536 redito
500 2485 643 2538 vultu
667 2486 846 2547 solum,
881 2486 980 2540 hoc
1006 2499 1057 2538 et
1079 2486 1307 2553 pallidus,
1343 2498 1501 2552 optas·

194 2573 292 2627 Sed
317 2594 471 2642 quam
495 2582 744 2633 continuis
771 2595 821 2634 et
845 2584 1043 2649 quantis
1064 2582 1216 2647 longa
1237 2582 1460 2633 senectus
1616 2601 1710 2648 190

193 2668 349 2723 Plena
361 2674 538 2729 malis!
566 2676 888 2738 Deformem,
912 2689 963 2731 et
981 2689 1171 2731 tetrum
1189 2690 1303 2731 ante
1320 2678 1491 2746 omnia
1507 2678 1707 2730 vultum

1581 2771 1698 2826 Dis·-
