1941 3363
231 185 314 245 86
533 180 946 266 JUVE‘NAms
994 178 1271 237 SATYRA
1320 180 1469 234 VIII.

225 329 328 379 Res
350 325 487 378 haud
509 327 636 376 mira
657 329 859 383 tamen,
881 320 1157 374 citharoedo
1179 319 1422 386 principe,
1455 319 1647 371 mimus

228 421 458 474 Nobilis:
496 419 603 470 haec
625 419 770 477 ultra,
805 417 929 483 quid
951 417 1045 467 erit
1067 416 1157 467 nifi
1178 415 1355 467 ludus?
1389 425 1440 465 et
1463 414 1566 466 illic

229 516 464 569 Dedecus
488 513 623 565 urbis
644 512 818 564 habes:
855 530 946 563 nec
969 510 1287 563 mirmillonis
1310 510 1363 561 in
1381 510 1530 561 armis
1641 525 1736 558 200

228 609 344 661 Nec
368 608 543 673 clypeo
567 603 859 656 Gracchum
883 614 1212 671 pugnantem,
1247 616 1333 655 aut
1355 602 1482 654 falce
1504 603 1700 668 supina3

232 705 458 756 Damnat
483 700 620 750 enim
644 698 762 749 tales
786 697 1004 756 habitus,
1040 709 1089 748 et
1113 697 1318 748 damnat
1340 708 1390 748 et
1411 697 1537 755 odit,

231 798 345 850 Nec
371 797 510 861 galea
530 793 751 845 frontem
773 792 1054 844 abscondit:
1083 803 1270 852 movet,
1294 810 1426 851 ecce,
1450 790 1737 849 tridentem,

234 893 506 960 Postquam
527 890 718 942 vibrata
740 888 1007 955 pendentia
1029 887 1152 938 retia
1174 887 1347 939 dextra

237 989 600 1055 Nequicquam
625 984 821 1043 effudit,
856 982 1052 1035 nudum
1077 981 1139 1033 ad
1162 982 1438 1047 spectacula
1457 982 1656 1033 vultum

234 1086 421 1150 Erigit,
456 1096 505 1134 et
528 1094 634 1134 tota
658 1080 790 1147 fugit
813 1080 1149 1146 agnoscendus
1183 1096 1345 1131 arena.
1652 1079 1742 1126 206

239 1181 516 1233 Credamus
542 1179 738 1237 tunicae,
775 1177 836 1228 de
860 1176 1086 1229 faucibus
1110 1194 1255 1227 aurea
1278 1192 1397 1226 cum
1420 1173 1468 1224 se

238 1277 484 1341 Porrigat,
518 1286 568 1326 et
589 1274 742 1338 longo
753 1271 970 1340 jactetur
993 1272 1118 1338 spira
1139 1271 1321 1335 galero.

241 1372 381 1436 Ergo
405 1370 736 1435 ignominiam
760 1368 1038 1433 graviorem
1062 1366 1268 1434 pertulit
1291 1365 1436 1416 omni

238 1469 478 1527 Vulnere,
513 1485 632 1518 cum
659 1463 1064 1530 Gracchojuffus
1086 1481 1307 1530 pugnare
1326 1463 1535 1515 secutor.
1657 1477 1749 1511 210

240 1566 425 1619 Libera
444 1565 478 1616 fi
503 1565 683 1615 dentur
706 1563 896 1628 populo
917 1560 1162 1627 suffragia,
1197 1561 1308 1626 quis
1333 1572 1440 1611 tam

241 1661 490 1719 Perditus‚
525 1672 581 1710 ut
608 1657 804 1708 dubitet
827 1657 1066 1708 Senecam
1087 1655 1315 1721 praeferre
1337 1653 1530 1706 Neroni
1538 1677 1556 1713 ς

244 1752 402 1821 Cujus
426 1752 666 1819 supplicio
690 1769 790 1801 non
816 1749 988 1800 debuit
1012 1766 1109 1799 una
1130 1747 1292 1813 parari

250 1849 421 1905 Simia,
456 1865 547 1898 nec
570 1847 763 1911 serpens
788 1861 933 1902 unus,
968 1860 1060 1894 nec
1086 1841 1256 1892 culeus
1280 1840 1442 1891 unus?

248 1946 345 1998 Par
370 1940 819 2008 Agamemnonidae
842 1940 1031 1990 crimen
1040 1962 1056 1998 ;
1091 1938 1171 1989 sed
1194 1936 1335 1988 causa
1357 1936 1478 1988 facit
1501 1954 1607 1988 rem
1659 1956 1712 1988 21
1725 1955 1749 2004 5

249 2042 584 2096 Dissimilem:
621 2040 807 2105 quippe
830 2038 928 2098 ille,
963 2038 1087 2089 Deis
1112 2036 1410 2094 auctoribus,
1445 2035 1577 2086 ultor

248 2142 408 2195 Patris
432 2152 533 2191 erat
556 2139 661 2190 caefi
684 2138 849 2189 media
871 2139 999 2188 inter
1019 2135 1225 2201 pocula:
1260 2135 1341 2186 sed
1363 2153 1455 2186 nec

249 2241 461 2294 Electrae
477 2237 658 2304 jugulo
681 2237 726 2288 se
748 2235 945 2302 polluit,
981 2249 1065 2287 aut
1089 2235 1313 2301 Spartani

252 2334 502 2399 Sanguine
527 2330 766 2398 conjugii,
802 2331 950 2382 nullis
979 2331 1173 2382 aconita
1194 2329 1486 2396 propinquis

249 2428 459 2481 Miscuit
476 2450 492 2486 ς
528 2427 579 2477 in
605 2427 744 2476 scena
766 2443 1027 2491 nunquam
1050 2425 1266 2477 cantavit
1292 2423 1504 2483 Orestes,
1663 2441 1756 2475 220

169 2582 174 2588 ,
248 2523 441 2575 Troica
463 2539 562 2572 non
588 2519 786 2585 scripsit.
859 2520 1000 2589 Qd
1023 2521 1160 2571 enim
1184 2519 1438 2583 Virginius
1466 2518 1614 2569 armis

251 2618 443 2674 Debuit
466 2616 632 2669 ulcisci
654 2616 831 2681 magiS,
867 2628 951 2669 aut
973 2634 1092 2667 cum
1118 2614 1330 2681 Vindice
1353 2610 1550 2666 Galba?

1616 2709 1755 2777 Qd
