<?xml version="1.0" encoding="UTF-8"?>
<!DOCTYPE html PUBLIC "-//W3C//DTD XHTML 1.0 Transitional//EN"
    "http://www.w3.org/TR/xhtml1/DTD/xhtml1-transitional.dtd">
<html xmlns="http://www.w3.org/1999/xhtml" xml:lang="en" lang="en">
 <head>
  <title>
</title>
<meta http-equiv="Content-Type" content="text/html;charset=utf-8" />
  <meta name='ocr-system' content='tesseract 3.04.00' />
  <meta name='ocr-capabilities' content='ocr_page ocr_carea ocr_par ocr_line ocrx_word'/>
</head>
<body>
  <div class='ocr_page' id='page_1' title='image "./djuniijuvenalise00juveuoft_0245.png"; bbox 0 0 1941 3363; ppageno 0'>
   <div class='ocr_carea' id='block_1_1' title="bbox 534 200 1680 291">
    <p class='ocr_par' dir='ltr' id='par_1_1' title="bbox 534 200 1680 291">
     <span class='ocr_line' id='line_1_1' title="bbox 534 200 1680 291; baseline 0.003 -26"><span class='ocrx_word' id='word_1_1' title='bbox 534 203 793 266; x_wconf 70' lang='lat' dir='ltr'>‘PERsn</span> <span class='ocrx_word' id='word_1_2' title='bbox 861 200 1142 263; x_wconf 73' lang='lat' dir='ltr'><strong>SATYRA</strong></span> <span class='ocrx_word' id='word_1_3' title='bbox 1205 202 1300 263; x_wconf 80' lang='lat' dir='ltr'><strong>VI&#39;.</strong></span> <span class='ocrx_word' id='word_1_4' title='bbox 1556 208 1680 291; x_wconf 91' lang='lat'>187</span> 
     </span>
    </p>
   </div>
   <div class='ocr_carea' id='block_1_2' title="bbox 157 351 1686 1209">
    <p class='ocr_par' dir='ltr' id='par_1_2' title="bbox 157 351 1465 420">
     <span class='ocr_line' id='line_1_2' title="bbox 157 351 1465 420; baseline -0.002 -9"><span class='ocrx_word' id='word_1_5' title='bbox 157 359 419 412; x_wconf 84' lang='lat' dir='ltr'>Portantes</span> <span class='ocrx_word' id='word_1_6' title='bbox 443 355 614 414; x_wconf 83' lang='lat' dir='ltr'>violas,</span> <span class='ocrx_word' id='word_1_7' title='bbox 640 351 953 420; x_wconf 86' lang='lat' dir='ltr'>rubrumque</span> <span class='ocrx_word' id='word_1_8' title='bbox 976 352 1211 417; x_wconf 82' lang='lat' dir='ltr'>amplexa</span> <span class='ocrx_word' id='word_1_9' title='bbox 1235 353 1465 408; x_wconf 88' lang='lat' dir='ltr'>catinum</span> 
     </span>
    </p>

    <p class='ocr_par' dir='ltr' id='par_1_3' title="bbox 158 449 1408 517">
     <span class='ocr_line' id='line_1_3' title="bbox 158 449 1408 517; baseline -0.004 -10"><span class='ocrx_word' id='word_1_10' title='bbox 158 455 334 507; x_wconf 85' lang='lat' dir='ltr'>Cauda</span> <span class='ocrx_word' id='word_1_11' title='bbox 361 465 498 506; x_wconf 86' lang='lat' dir='ltr'>natat</span> <span class='ocrx_word' id='word_1_12' title='bbox 524 451 723 517; x_wconf 87' lang='lat' dir='ltr'>thynni,</span> <span class='ocrx_word' id='word_1_13' title='bbox 751 462 917 502; x_wconf 88' lang='lat' dir='ltr'>tumet</span> <span class='ocrx_word' id='word_1_14' title='bbox 942 449 1052 499; x_wconf 83' lang='lat' dir='ltr'>alba</span> <span class='ocrx_word' id='word_1_15' title='bbox 1076 449 1241 500; x_wconf 88' lang='lat' dir='ltr'>fidelia</span> <span class='ocrx_word' id='word_1_16' title='bbox 1266 451 1408 502; x_wconf 86' lang='lat' dir='ltr'>vino:</span> 
     </span>
    </p>

    <p class='ocr_par' dir='ltr' id='par_1_4' title="bbox 159 547 1496 614">
     <span class='ocr_line' id='line_1_4' title="bbox 159 547 1496 614; baseline -0.001 -10"><span class='ocrx_word' id='word_1_17' title='bbox 159 553 326 604; x_wconf 86' lang='lat' dir='ltr'>Labra</span> <span class='ocrx_word' id='word_1_18' title='bbox 351 569 521 604; x_wconf 84' lang='lat' dir='ltr'>moves</span> <span class='ocrx_word' id='word_1_19' title='bbox 546 551 745 608; x_wconf 79' lang='lat' dir='ltr'>tacituS,</span> <span class='ocrx_word' id='word_1_20' title='bbox 772 547 1082 613; x_wconf 79' lang='lat' dir='ltr'>recutitaque</span> <span class='ocrx_word' id='word_1_21' title='bbox 1107 547 1302 599; x_wconf 82' lang='lat' dir='ltr'>sabbata</span> <span class='ocrx_word' id='word_1_22' title='bbox 1327 550 1496 614; x_wconf 83' lang='lat' dir='ltr'>palleS.</span> 
     </span>
    </p>

    <p class='ocr_par' dir='ltr' id='par_1_5' title="bbox 157 645 1680 905">
     <span class='ocr_line' id='line_1_5' title="bbox 157 645 1680 733; baseline -0.002 -32"><span class='ocrx_word' id='word_1_23' title='bbox 157 651 312 733; x_wconf 49' lang='lat' dir='ltr'>&#39;Isunc</span> <span class='ocrx_word' id='word_1_24' title='bbox 334 649 464 715; x_wconf 86' lang='lat' dir='ltr'>nigri</span> <span class='ocrx_word' id='word_1_25' title='bbox 488 649 750 708; x_wconf 85' lang='lat' dir='ltr'>Lemures,</span> <span class='ocrx_word' id='word_1_26' title='bbox 774 665 972 712; x_wconf 92' lang='lat' dir='ltr'>ovoque</span> <span class='ocrx_word' id='word_1_27' title='bbox 996 645 1215 711; x_wconf 90' lang='lat' dir='ltr'>pericula</span> <span class='ocrx_word' id='word_1_28' title='bbox 1239 660 1417 713; x_wconf 90' lang='lat' dir='ltr'>rupto:</span> <span class='ocrx_word' id='word_1_29' title='bbox 1591 659 1680 720; x_wconf 80' lang='lat'>185</span> 
     </span>
     <span class='ocr_line' id='line_1_6' title="bbox 158 742 1504 813; baseline 0 -14"><span class='ocrx_word' id='word_1_30' title='bbox 158 748 298 799; x_wconf 90' lang='lat' dir='ltr'>Hinc</span> <span class='ocrx_word' id='word_1_31' title='bbox 321 747 536 813; x_wconf 62' lang='lat' dir='ltr'>grandes⁴</span> <span class='ocrx_word' id='word_1_32' title='bbox 556 746 710 806; x_wconf 86' lang='lat' dir='ltr'>Galli,</span> <span class='ocrx_word' id='word_1_33' title='bbox 736 757 785 796; x_wconf 92' lang='lat' dir='ltr'>et</span> <span class='ocrx_word' id='word_1_34' title='bbox 809 762 929 795; x_wconf 86' lang='lat' dir='ltr'>cum</span> <span class='ocrx_word' id='word_1_35' title='bbox 954 743 1088 794; x_wconf 88' lang='lat' dir='ltr'>fistro</span> <span class='ocrx_word' id='word_1_36' title='bbox 1111 742 1242 794; x_wconf 91' lang='lat' dir='ltr'>lusca</span> <span class='ocrx_word' id='word_1_37' title='bbox 1266 745 1504 808; x_wconf 82' lang='lat' dir='ltr'>sacerdOS,</span> 
     </span>
     <span class='ocr_line' id='line_1_7' title="bbox 157 838 1248 905; baseline -0.006 -8"><span class='ocrx_word' id='word_1_38' title='bbox 157 845 406 898; x_wconf 83' lang='lat' dir='ltr'>Incuffere</span> <span class='ocrx_word' id='word_1_39' title='bbox 429 846 566 895; x_wconf 82' lang='lat' dir='ltr'>Deos</span> <span class='ocrx_word' id='word_1_40' title='bbox 590 842 818 894; x_wconf 85' lang='lat' dir='ltr'>inflantes</span> <span class='ocrx_word' id='word_1_41' title='bbox 841 856 1066 905; x_wconf 86' lang='lat' dir='ltr'>corpora,</span> <span class='ocrx_word' id='word_1_42' title='bbox 1089 838 1123 888; x_wconf 87' lang='lat' dir='ltr'><strong>fi</strong></span> <span class='ocrx_word' id='word_1_43' title='bbox 1146 857 1248 890; x_wconf 86' lang='lat' dir='ltr'>non</span> 
     </span>
    </p>

    <p class='ocr_par' dir='ltr' id='par_1_6' title="bbox 158 939 1322 1007">
     <span class='ocr_line' id='line_1_8' title="bbox 158 939 1322 1007; baseline -0.007 -11"><span class='ocrx_word' id='word_1_44' title='bbox 158 945 467 996; x_wconf 56' lang='lat' dir='ltr'>Praedictum</span> <span class='ocrx_word' id='word_1_45' title='bbox 490 955 565 994; x_wconf 90' lang='lat' dir='ltr'>ter</span> <span class='ocrx_word' id='word_1_46' title='bbox 590 960 738 993; x_wconf 88' lang='lat' dir='ltr'>mane</span> <span class='ocrx_word' id='word_1_47' title='bbox 762 952 912 1007; x_wconf 88' lang='lat' dir='ltr'>caput</span> <span class='ocrx_word' id='word_1_48' title='bbox 934 939 1201 1004; x_wconf 86' lang='lat' dir='ltr'>gustaveris</span> <span class='ocrx_word' id='word_1_49' title='bbox 1223 941 1322 992; x_wconf 71' lang='lat' dir='ltr'>alli.</span> 
     </span>
    </p>

    <p class='ocr_par' dir='ltr' id='par_1_7' title="bbox 157 1036 1280 1097">
     <span class='ocr_line' id='line_1_9' title="bbox 157 1036 1280 1097; baseline -0.001 -8"><span class='ocrx_word' id='word_1_50' title='bbox 157 1039 360 1090; x_wconf 79' lang='lat' dir='ltr'>Dixeris</span> <span class='ocrx_word' id='word_1_51' title='bbox 385 1037 494 1089; x_wconf 81' lang='lat' dir='ltr'>haec</span> <span class='ocrx_word' id='word_1_52' title='bbox 517 1039 649 1089; x_wconf 88' lang='lat' dir='ltr'>inter</span> <span class='ocrx_word' id='word_1_53' title='bbox 671 1036 912 1088; x_wconf 84' lang='lat' dir='ltr'>varicosos</span> <span class='ocrx_word' id='word_1_54' title='bbox 943 1036 1280 1097; x_wconf 81' lang='lat' dir='ltr'>centuriones,</span> 
     </span>
    </p>

    <p class='ocr_par' dir='ltr' id='par_1_8' title="bbox 158 1135 1686 1209">
     <span class='ocr_line' id='line_1_10' title="bbox 158 1135 1686 1209; baseline -0.001 -20"><span class='ocrx_word' id='word_1_55' title='bbox 158 1138 422 1190; x_wconf 88' lang='lat' dir='ltr'>Continuo</span> <span class='ocrx_word' id='word_1_56' title='bbox 448 1136 662 1188; x_wconf 84' lang='lat' dir='ltr'>craffum</span> <span class='ocrx_word' id='word_1_57' title='bbox 687 1136 815 1187; x_wconf 89' lang='lat' dir='ltr'>ridet</span> <span class='ocrx_word' id='word_1_58' title='bbox 839 1135 1110 1187; x_wconf 85' lang='lat' dir='ltr'>Vulfenius</span> <span class='ocrx_word' id='word_1_59' title='bbox 1137 1136 1311 1202; x_wconf 87' lang='lat' dir='ltr'>ingens</span> <span class='ocrx_word' id='word_1_60' title='bbox 1324 1161 1341 1198; x_wconf 82' lang='lat'><em>3</em></span> <span class='ocrx_word' id='word_1_61' title='bbox 1592 1162 1686 1209; x_wconf 83' lang='lat'>¹90</span> 
     </span>
    </p>
   </div>
   <div class='ocr_carea' id='block_1_3' title="bbox 158 1238 1326 1292">
    <p class='ocr_par' dir='ltr' id='par_1_9' title="bbox 158 1238 1326 1292">
     <span class='ocr_line' id='line_1_11' title="bbox 158 1238 1326 1292; baseline 0 -1"><span class='ocrx_word' id='word_1_62' title='bbox 158 1240 229 1292; x_wconf 92' lang='lat' dir='ltr'>Et</span> <span class='ocrx_word' id='word_1_63' title='bbox 249 1252 459 1292; x_wconf 89' lang='lat' dir='ltr'>centum</span> <span class='ocrx_word' id='word_1_64' title='bbox 483 1239 688 1290; x_wconf 80' lang='lat' dir='ltr'>Graecos</span> <span class='ocrx_word' id='word_1_65' title='bbox 712 1249 860 1290; x_wconf 87' lang='lat' dir='ltr'>curto</span> <span class='ocrx_word' id='word_1_66' title='bbox 886 1238 1104 1289; x_wconf 87' lang='lat' dir='ltr'>centuffe</span> <span class='ocrx_word' id='word_1_67' title='bbox 1129 1238 1326 1291; x_wconf 86' lang='lat' dir='ltr'>licetur.</span> 
     </span>
    </p>
   </div>
   <div class='ocr_carea' id='block_1_4' title="bbox 642 1453 1259 1518">
    <p class='ocr_par' dir='ltr' id='par_1_10' title="bbox 642 1453 1259 1518">
     <span class='ocr_line' id='line_1_12' title="bbox 642 1453 1259 1518; baseline 0.006 -5"><span class='ocrx_word' id='word_1_68' title='bbox 642 1453 1097 1517; x_wconf 87' lang='lat' dir='ltr'><strong>SATYRA</strong></span> <span class='ocrx_word' id='word_1_69' title='bbox 1148 1455 1259 1518; x_wconf 89' lang='lat' dir='ltr'>VI.</span> 
     </span>
    </p>
   </div>
   <div class='ocr_carea' id='block_1_5' title="bbox 161 1617 1726 2748">
    <p class='ocr_par' dir='ltr' id='par_1_11' title="bbox 161 1617 1481 1737">
     <span class='ocr_line' id='line_1_13' title="bbox 161 1617 1481 1737; baseline 0.001 -65"><span class='ocrx_word' id='word_1_70' title='bbox 161 1621 499 1737; x_wconf 81' lang='lat' dir='ltr'>ADmovit</span> <span class='ocrx_word' id='word_1_71' title='bbox 516 1617 628 1687; x_wconf 85' lang='lat' dir='ltr'>jam</span> <span class='ocrx_word' id='word_1_72' title='bbox 649 1617 833 1670; x_wconf 87' lang='lat' dir='ltr'>bruma</span> <span class='ocrx_word' id='word_1_73' title='bbox 853 1617 970 1671; x_wconf 93' lang='lat' dir='ltr'>foco</span> <span class='ocrx_word' id='word_1_74' title='bbox 992 1631 1060 1679; x_wconf 92' lang='lat' dir='ltr'>te,</span> <span class='ocrx_word' id='word_1_75' title='bbox 1085 1618 1239 1679; x_wconf 77' lang='lat' dir='ltr'>Basse,</span> <span class='ocrx_word' id='word_1_76' title='bbox 1263 1620 1481 1673; x_wconf 85' lang='lat' dir='ltr'>Sabino?</span> 
     </span>
    </p>

    <p class='ocr_par' dir='ltr' id='par_1_12' title="bbox 161 1715 1726 2748">
     <span class='ocr_line' id='line_1_14' title="bbox 313 1715 1692 1783; baseline 0.001 -16"><span class='ocrx_word' id='word_1_77' title='bbox 313 1717 497 1783; x_wconf 88' lang='lat' dir='ltr'>Jamne</span> <span class='ocrx_word' id='word_1_78' title='bbox 520 1716 644 1782; x_wconf 87' lang='lat' dir='ltr'>lyra,</span> <span class='ocrx_word' id='word_1_79' title='bbox 661 1727 710 1767; x_wconf 89' lang='lat' dir='ltr'>et</span> <span class='ocrx_word' id='word_1_80' title='bbox 727 1715 908 1767; x_wconf 89' lang='lat' dir='ltr'>tetrico</span> <span class='ocrx_word' id='word_1_81' title='bbox 926 1716 1104 1767; x_wconf 89' lang='lat' dir='ltr'>vivunt</span> <span class='ocrx_word' id='word_1_82' title='bbox 1126 1715 1222 1767; x_wconf 91' lang='lat' dir='ltr'>tibi</span> <span class='ocrx_word' id='word_1_83' title='bbox 1244 1717 1444 1782; x_wconf 64' lang='lat' dir='ltr'>pectine</span> <span class='ocrx_word' id='word_1_84' title='bbox 1458 1715 1692 1769; x_wconf 84' lang='lat' dir='ltr'>chordae?</span> 
     </span>
     <span class='ocr_line' id='line_1_15' title="bbox 162 1814 1483 1882; baseline 0.002 -16"><span class='ocrx_word' id='word_1_85' title='bbox 162 1815 301 1867; x_wconf 87' lang='lat' dir='ltr'>Mire</span> <span class='ocrx_word' id='word_1_86' title='bbox 323 1814 495 1882; x_wconf 87' lang='lat' dir='ltr'>opifex</span> <span class='ocrx_word' id='word_1_87' title='bbox 520 1814 745 1865; x_wconf 85' lang='lat' dir='ltr'>numeris</span> <span class='ocrx_word' id='word_1_88' title='bbox 769 1825 1000 1865; x_wconf 88' lang='lat' dir='ltr'>veterum</span> <span class='ocrx_word' id='word_1_89' title='bbox 1024 1814 1275 1880; x_wconf 88' lang='lat' dir='ltr'>primodia</span> <span class='ocrx_word' id='word_1_90' title='bbox 1297 1834 1483 1877; x_wconf 84' lang='lat' dir='ltr'>rerum,</span> 
     </span>
     <span class='ocr_line' id='line_1_16' title="bbox 161 1911 1508 1978; baseline 0.001 -14"><span class='ocrx_word' id='word_1_91' title='bbox 161 1912 337 1978; x_wconf 89' lang='lat' dir='ltr'>Atque</span> <span class='ocrx_word' id='word_1_92' title='bbox 361 1930 556 1963; x_wconf 82' lang='lat' dir='ltr'>marem</span> <span class='ocrx_word' id='word_1_93' title='bbox 579 1911 846 1978; x_wconf 89' lang='lat' dir='ltr'>strepitum</span> <span class='ocrx_word' id='word_1_94' title='bbox 868 1911 980 1963; x_wconf 84' lang='lat' dir='ltr'>fidis</span> <span class='ocrx_word' id='word_1_95' title='bbox 1004 1911 1263 1964; x_wconf 86' lang='lat' dir='ltr'>intendiffe</span> <span class='ocrx_word' id='word_1_96' title='bbox 1285 1913 1508 1974; x_wconf 87' lang='lat' dir='ltr'>Latinae;</span> 
     </span>
     <span class='ocr_line' id='line_1_17' title="bbox 162 2006 1689 2075; baseline 0.001 -16"><span class='ocrx_word' id='word_1_97' title='bbox 162 2006 517 2075; x_wconf 81' lang='lat' dir='ltr'>Moxjuvenes</span> <span class='ocrx_word' id='word_1_98' title='bbox 542 2009 731 2073; x_wconf 85' lang='lat' dir='ltr'>agitare</span> <span class='ocrx_word' id='word_1_99' title='bbox 747 2006 911 2074; x_wconf 83' lang='lat' dir='ltr'>jocos,</span> <span class='ocrx_word' id='word_1_100' title='bbox 939 2020 989 2059; x_wconf 90' lang='lat' dir='ltr'>et</span> <span class='ocrx_word' id='word_1_101' title='bbox 1014 2008 1197 2073; x_wconf 91' lang='lat' dir='ltr'>pollice</span> <span class='ocrx_word' id='word_1_102' title='bbox 1220 2007 1429 2060; x_wconf 91' lang='lat' dir='ltr'>honesto</span> <span class='ocrx_word' id='word_1_103' title='bbox 1533 2048 1535 2051; x_wconf 84' lang='lat'><em>-</em></span> <span class='ocrx_word' id='word_1_104' title='bbox 1661 2025 1689 2074; x_wconf 82' lang='grc'><em>5</em></span> 
     </span>
     <span class='ocr_line' id='line_1_18' title="bbox 162 2102 1398 2168; baseline 0 -15"><span class='ocrx_word' id='word_1_105' title='bbox 162 2102 405 2168; x_wconf 85' lang='lat' dir='ltr'>Egregios</span> <span class='ocrx_word' id='word_1_106' title='bbox 429 2102 584 2154; x_wconf 86' lang='lat' dir='ltr'>lufiffe</span> <span class='ocrx_word' id='word_1_107' title='bbox 608 2103 760 2154; x_wconf 83' lang='lat' dir='ltr'>senes.</span> <span class='ocrx_word' id='word_1_108' title='bbox 796 2102 936 2154; x_wconf 90' lang='lat' dir='ltr'>Mihi</span> <span class='ocrx_word' id='word_1_109' title='bbox 962 2121 1100 2154; x_wconf 91' lang='lat' dir='ltr'>nunc</span> <span class='ocrx_word' id='word_1_110' title='bbox 1123 2103 1284 2168; x_wconf 84' lang='lat' dir='ltr'>Ligus</span> <span class='ocrx_word' id='word_1_111' title='bbox 1311 2121 1398 2154; x_wconf 89' lang='lat' dir='ltr'>ora</span> 
     </span>
     <span class='ocr_line' id='line_1_19' title="bbox 166 2199 1614 2266; baseline 0.002 -16"><span class='ocrx_word' id='word_1_112' title='bbox 166 2201 383 2266; x_wconf 86' lang='lat' dir='ltr'>Intepet,</span> <span class='ocrx_word' id='word_1_113' title='bbox 410 2199 758 2266; x_wconf 89' lang='lat' dir='ltr'>hybernatque</span> <span class='ocrx_word' id='word_1_114' title='bbox 782 2218 957 2251; x_wconf 87' lang='lat' dir='ltr'>meum</span> <span class='ocrx_word' id='word_1_115' title='bbox 981 2219 1136 2260; x_wconf 88' lang='lat' dir='ltr'>mare,</span> <span class='ocrx_word' id='word_1_116' title='bbox 1163 2219 1264 2266; x_wconf 87' lang='lat' dir='ltr'>qua</span> <span class='ocrx_word' id='word_1_117' title='bbox 1285 2200 1412 2252; x_wconf 84' lang='lat' dir='ltr'>latus</span> <span class='ocrx_word' id='word_1_118' title='bbox 1437 2201 1614 2266; x_wconf 85' lang='lat' dir='ltr'>ingens</span> 
     </span>
     <span class='ocr_line' id='line_1_20' title="bbox 166 2294 1446 2363; baseline 0.003 -18"><span class='ocrx_word' id='word_1_119' title='bbox 166 2295 306 2345; x_wconf 87' lang='lat' dir='ltr'>Dant</span> <span class='ocrx_word' id='word_1_120' title='bbox 328 2294 535 2360; x_wconf 89' lang='lat' dir='ltr'>scopuli,</span> <span class='ocrx_word' id='word_1_121' title='bbox 560 2308 609 2346; x_wconf 92' lang='lat' dir='ltr'>et</span> <span class='ocrx_word' id='word_1_122' title='bbox 635 2296 798 2346; x_wconf 89' lang='lat' dir='ltr'>multa</span> <span class='ocrx_word' id='word_1_123' title='bbox 821 2296 961 2347; x_wconf 87' lang='lat' dir='ltr'>littus</span> <span class='ocrx_word' id='word_1_124' title='bbox 986 2295 1032 2346; x_wconf 88' lang='lat' dir='ltr'>se</span> <span class='ocrx_word' id='word_1_125' title='bbox 1058 2295 1182 2347; x_wconf 87' lang='lat' dir='ltr'>valle</span> <span class='ocrx_word' id='word_1_126' title='bbox 1206 2309 1446 2363; x_wconf 84' lang='lat' dir='ltr'>receptat.</span> 
     </span>
     <span class='ocr_line' id='line_1_21' title="bbox 166 2390 1363 2457; baseline 0.002 -17"><span class='ocrx_word' id='word_1_127' title='bbox 166 2391 338 2441; x_wconf 82' lang='lat' dir='ltr'>Luna&#39;i</span> <span class='ocrx_word' id='word_1_128' title='bbox 360 2403 567 2457; x_wconf 85' lang='lat' dir='ltr'>portum</span> <span class='ocrx_word' id='word_1_129' title='bbox 593 2391 661 2441; x_wconf 88' lang='lat' dir='ltr'>est</span> <span class='ocrx_word' id='word_1_130' title='bbox 685 2409 846 2457; x_wconf 85' lang='lat' dir='ltr'>operae</span> <span class='ocrx_word' id='word_1_131' title='bbox 869 2390 1187 2456; x_wconf 88' lang='lat' dir='ltr'>cognoscere,</span> <span class='ocrx_word' id='word_1_132' title='bbox 1213 2392 1363 2443; x_wconf 88' lang='lat' dir='ltr'>cives.</span> 
     </span>
     <span class='ocr_line' id='line_1_22' title="bbox 167 2485 1726 2554; baseline -0.002 -15"><span class='ocrx_word' id='word_1_133' title='bbox 167 2488 270 2539; x_wconf 89' lang='lat' dir='ltr'>Cor</span> <span class='ocrx_word' id='word_1_134' title='bbox 284 2485 435 2554; x_wconf 90' lang='lat' dir='ltr'>jubet</span> <span class='ocrx_word' id='word_1_135' title='bbox 458 2486 556 2538; x_wconf 91' lang='lat' dir='ltr'>hoc</span> <span class='ocrx_word' id='word_1_136' title='bbox 582 2487 739 2548; x_wconf 73' lang='lat' dir='ltr'>Enni,</span> <span class='ocrx_word' id='word_1_137' title='bbox 767 2487 1033 2553; x_wconf 86' lang='lat' dir='ltr'>postquam</span> <span class='ocrx_word' id='word_1_138' title='bbox 1057 2487 1315 2538; x_wconf 85' lang='lat' dir='ltr'>destertuit</span> <span class='ocrx_word' id='word_1_139' title='bbox 1338 2486 1434 2538; x_wconf 83' lang='lat' dir='ltr'>effe</span> <span class='ocrx_word' id='word_1_140' title='bbox 1669 2504 1726 2536; x_wconf 87' lang='lat'>10</span> 
     </span>
     <span class='ocr_line' id='line_1_23' title="bbox 169 2585 1379 2655; baseline 0.002 -18"><span class='ocrx_word' id='word_1_141' title='bbox 169 2585 461 2638; x_wconf 89' lang='lat' dir='ltr'>Moeonides</span> <span class='ocrx_word' id='word_1_142' title='bbox 487 2587 711 2655; x_wconf 77' lang='lat' dir='ltr'>Qntus</span> <span class='ocrx_word' id='word_1_143' title='bbox 737 2605 931 2653; x_wconf 84' lang='lat' dir='ltr'>pavone</span> <span class='ocrx_word' id='word_1_144' title='bbox 957 2604 1020 2638; x_wconf 80' lang='lat' dir='ltr'>ex</span> <span class='ocrx_word' id='word_1_145' title='bbox 1044 2586 1379 2652; x_wconf 79' lang='lat' dir='ltr'>Pythagoreo,</span> 
     </span>
     <span class='ocr_line' id='line_1_24' title="bbox 170 2679 1467 2748; baseline 0.003 -18"><span class='ocrx_word' id='word_1_146' title='bbox 170 2679 274 2732; x_wconf 90' lang='lat' dir='ltr'>Hic</span> <span class='ocrx_word' id='word_1_147' title='bbox 300 2699 394 2748; x_wconf 82' lang='lat' dir='ltr'>ego</span> <span class='ocrx_word' id='word_1_148' title='bbox 421 2680 617 2734; x_wconf 84' lang='lat' dir='ltr'>securus</span> <span class='ocrx_word' id='word_1_149' title='bbox 642 2681 796 2746; x_wconf 86' lang='lat' dir='ltr'>vulgi,</span> <span class='ocrx_word' id='word_1_150' title='bbox 821 2693 870 2734; x_wconf 92' lang='lat' dir='ltr'>et</span> <span class='ocrx_word' id='word_1_151' title='bbox 894 2681 1017 2747; x_wconf 91' lang='lat' dir='ltr'>quid</span> <span class='ocrx_word' id='word_1_152' title='bbox 1041 2693 1284 2747; x_wconf 83' lang='lat' dir='ltr'>praeparet</span> <span class='ocrx_word' id='word_1_153' title='bbox 1307 2681 1467 2734; x_wconf 81' lang='lat' dir='ltr'>auster</span> 
     </span>
    </p>
   </div>
   <div class='ocr_carea' id='block_1_6' title="bbox 1602 2808 1692 2860">
    <p class='ocr_par' dir='ltr' id='par_1_13' title="bbox 1602 2808 1692 2860">
     <span class='ocr_line' id='line_1_25' title="bbox 1602 2808 1692 2860; baseline 0 0"><span class='ocrx_word' id='word_1_154' title='bbox 1602 2808 1692 2860; x_wconf 87' lang='lat' dir='ltr'>In-</span> 
     </span>
    </p>
   </div>
  </div>
 </body>
</html>
