1941 3363
285 238 411 284 202
831 214 1258 275 NOTAE.

275 367 339 417 ad
363 382 473 421 earn
498 362 662 428 mejere
687 361 943 421 auderent,
969 372 1214 426 tanquam
1237 359 1273 412 fi
1295 359 1461 415 fuiffet
1477 361 1636 419 statua
1653 365 1801 418 Prin,

275 460 419 526 cipis„
491 459 684 519 Grang.

347 561 453 620 146.
489 555 646 609 Iratis
675 555 851 611 amicis.
884 555 917 607 i.
944 574 983 607 e.
1018 554 1139 622 quia
1167 555 1226 607 fit
1257 566 1488 608 mortuus
1520 558 1803 620 intestatus,

275 670 396 704 nam
424 651 584 716 supra,
608 650 831 713 intestata
854 649 1094 704 senectuS.

344 766 453 811 149.
491 747 638 798 Utere
666 743 801 802 velis,
869 744 1120 803 Hortatur
1154 741 1369 811 seipsum
1395 746 1552 800 Poeta
1583 749 1802 808 adscri-

275 844 522 895 bendum.

345 961 364 992 1
378 959 455 1006 54.
490 936 624 1008 Qcid
647 935 800 1003 refert
824 937 923 994 &c.
973 937 1179 990 Tutum
1200 936 1298 990 fuit
1320 937 1521 997 Lucilio
1544 938 1701 992 libere
1721 941 1804 993 10-

274 1035 457 1103 qui-et
491 1032 716 1093 scribere,
767 1044 824 1091 ut
857 1033 994 1099 parvi
1026 1033 1257 1098 penderit
1286 1033 1638 1093 irascereturne
1669 1036 1803 1088 Mu÷

272 1135 374 1188 tius
399 1132 616 1186 Scaevola
646 1150 708 1185 an
734 1149 852 1184 non.
911 1131 1044 1183 Pone
1078 1130 1383 1194 ngellinum:
1424 1151 1601 1185 verum
1622 1134 1798 1201 mode,

273 1231 308 1283 fi
330 1230 542 1282 volueris
566 1227 832 1279 hominem
855 1238 1060 1290 gratum
1081 1226 1382 1292 Imperatori
1408 1238 1600 1288 notare,
1640 1227 1802 1295 qualis

272 1328 375 1382 suit
395 1325 681 1393 Tigellinus
716 1323 932 1383 Neroni,
967 1341 1071 1374 non
1093 1323 1187 1374 erit
1209 1334 1400 1381 tutum,
1469 1322 1674 1389 Britan,

787 1443 838 1494 A
863 1443 915 1494 D
980 1444 1011 1494 S
1040 1444 1090 1494 A
1118 1443 1186 1494 T.
1245 1442 1315 1494 ΙΙ.

286 1558 297 1562 “
336 1546 460 1597 Ver.
489 1561 536 1609 3.
571 1545 646 1595 Et
669 1540 996 1594 Bacchanalia
1017 1540 1217 1591 vivunt.
1282 1538 1611 1592 Bacchanalia
1633 1542 1803 1596 vivere

271 1642 617 1698 Hellenismus
641 1638 737 1690 est:
775 1655 877 1704 qua
899 1637 1091 1688 ratione
1112 1634 1333 1687 Tertull.
1371 1634 1516 1697 dixit,
1552 1638 1641 1711 qui
1662 1655 1802 1696 coeca

272 1742 466 1795 vivunt.
527 1737 729 1798 ‚Grang.

342 1855 387 1903 ς.
423 1830 784 1899 Perseblff'mus
826 1828 1008 1880 horum.
1093 1827 1366 1880 Existimat
1407 1828 1455 1879 se
1502 1828 1801 1896 perfeffiffi-

271 1953 437 1995 mum,
476 1930 631 1983 modo
665 1928 754 1979 fibi
787 1928 970 1978 emerit
1003 1925 1233 1986 statuam,
1268 1939 1354 1977 aut
1378 1925 1676 1997 AristoteliS,
1711 1942 1803 1983 aut

272 2032 472 2087 alterius
498 2022 792 2089 Philosophi
821 2022 882 2074 ad
912 2020 1233 2074 bibliothecae
1264 2021 1359 2073 suae
1388 2024 1796 2082 exornationem.

271 2126 473 2180 Britan.

283 2240 288 2243 ⁴
342 2246 389 2292 9.
427 2219 661 2285 ‘Tristibus
703 2215 935 2282 obscaenis.
1017 2213 1357 2280 Philosophis,
1408 2216 1501 2281 qui
1546 2215 1800 2277 tristitiam

273 2327 418 2380 vultu
443 2321 758 2389 profitentur,
784 2318 921 2369 intus
947 2327 1120 2367 autem
1144 2314 1392 2380 impudici
1415 2314 1545 2368 sunt.
1604 2317 1797 2382 Grang,

344 2429 419 2474 18.
456 2417 740 2482 Simplicitas
762 2412 1045 2479 mfirabiltlr.
1089 2412 1264 2478 Digna
1287 2410 1556 2476 lachrymis
1576 2425 1628 2464 et
1649 2431 1798 2465 com-

270 2518 604 2577 miseratione.
674 2514 754 2567 Sic
788 2512 1006 2577 Virgilio
1039 2509 1311 2575 misbrabiltk
1347 2509 1569 2575 Orpheus
1592 2510 1796 2569 dicitur.

271 2630 464 2685 Grang.

338 2739 416 2774 20.
456 2713 620 2771 Verbis
642 2712 882 2767 Herculis.
907 2710 939 2765 i.
957 2730 995 2764 e.
1023 2709 1295 2777 grandibus
1318 2727 1375 2762 ac
1401 2707 1701 2776 magnificis,

1560 2825 1638 2876 25.
1672 2808 1796 2880 Qu}
