1941 3363
403 200 832 287 J‘quNALrs
894 197 1176 259 SATYRA
1226 204 1321 257 XI.
1521 216 1643 278 113

100 348 371 415 Signinum
394 349 697 414 Syriumque
722 363 937 412 pyrum:
974 344 1035 395 de
1058 342 1295 394 corbibus
1318 340 1478 392 isdem

99 446 309 497 AEmula
333 446 546 503 Picenis,
580 456 631 494 et
653 442 819 494 odoris
843 441 977 493 mala
999 440 1229 498 recentis,

103 541 218 595 Nec
242 541 514 593 metuenda
536 540 647 600 tibi,
686 540 923 591 siccatum
947 537 1134 602 frigore
1158 535 1424 602 postquam
1556 551 1618 600 75

99 642 448 701 Autumnum,
484 653 534 691 et
557 640 699 691 crudi
725 638 929 704 posuere
952 636 1172 702 pericula
1193 635 1345 687 succi.

100 738 229 790 Haec
253 739 379 790 olim
404 736 680 804 nostrijam
701 733 949 786 luxuriosa
974 733 1166 784 senatus

101 838 263 890 Coena
284 838 401 890 fuit.
469 837 668 895 Curius,
703 851 854 900 parvo
877 851 988 898 quae
1011 832 1196 897 legerat
1216 832 1383 893 horto,

101 936 212 1001 Ipse
235 936 359 989 focis
384 932 614 986 brevibus
635 930 852 998 ponebat
873 928 1108 989 oluscula,
1143 949 1254 996 quae
1279 949 1414 982 nunc

102 1033 385 1099 Squallidus
409 1033 461 1083 in
487 1048 671 1095 magna
693 1027 882 1079 fastidit
903 1025 1150 1092 compede
1178 1025 1346 1086 fossor,
1558 1034 1621 1083 80

103 1131 212 1200 Q
234 1131 491 1189 meminit,
526 1127 696 1180 calidae
719 1127 871 1194 sapiat
895 1125 1022 1193 quid
1043 1126 1191 1178 vulva
1214 1127 1430 1192 popinae.

103 1226 233 1278 Sicci
258 1238 396 1292 terga
417 1225 532 1298 suiS‚
569 1242 676 1275 rara
697 1223 965 1290 pendentia
989 1233 1141 1282 crate,

103 1319 267 1371 Moris
291 1331 392 1370 erat
415 1318 675 1393 quondam
697 1316 831 1368 festis
853 1315 1041 1368 servare
1065 1316 1259 1376 diebus,

104 1416 174 1468 Et
197 1416 487 1467 natalitium
511 1415 736 1481 cognatis
760 1434 944 1481 ponere
963 1414 1182 1475 lardum,

105 1512 396 1580 Accedente
419 1531 563 1572 nova,
597 1511 632 1562 fi
658 1530 813 1577 quam
837 1510 984 1562 dabat
1007 1509 1182 1569 hostia,
1217 1528 1382 1563 carne.
1444 1511 1456 1524 '
1561 1519 1585 1564 8
1595 1530 1621 1579 5

105 1589 456 1672 Cognatorum
480 1608 659 1673 aliquis
683 1606 832 1657 titulo
856 1618 930 1656 ter
951 1605 1181 1667 consulis,
1217 1619 1368 1674 atque

105 1703 399 1755 Castrorum
424 1702 666 1769 imperiiS,
702 1713 752 1751 et
776 1701 1028 1752 dictatoris
1052 1701 1243 1753 honore

105 1802 348 1859 Fun&u8‚
377 1800 439 1850 ad
460 1798 549 1874 bas
572 1798 739 1864 epulas
762 1797 906 1849 solito
930 1798 1172 1849 maturius
1195 1798 1317 1860 ibat,

106 1901 350 1953 Erestum
370 1899 565 1950 domito
589 1898 804 1949 referens
829 1916 856 1948 a
876 1911 1050 1949 monte
1071 1898 1314 1963 ligonem.

109 1999 248 2050 Cum
271 2009 541 2048 tremerent
565 2009 736 2046 autem
757 1995 956 2055 Fabios,
992 1995 1280 2063 durumque
1308 2002 1573 2066 Catonem,

109 2099 179 2150 Et
205 2098 429 2154 Scauros,
465 2108 515 2145 et
538 2095 810 2154 Fabricios,
847 2094 1096 2160 rigidique
1119 2095 1308 2149 severos
1569 2123 1626 2170 91

109 2193 337 2244 Censoris
363 2209 526 2242 mores
549 2192 703 2242 etiam
729 2191 919 2256 collega
945 2192 1144 2244 timeret
1157 2217 1173 2252 3

107 2287 283 2339 Nemo
307 2287 435 2337 inter
460 2305 622 2346 curas,
658 2300 707 2337 et
732 2287 850 2337 seria
873 2288 1018 2340 duxit
1042 2287 1352 2353 habendum,

110 2385 285 2452 Qlis
309 2385 361 2435 in
386 2385 577 2435 Oceani
600 2384 755 2436 fiustu
779 2386 971 2437 testudo
995 2399 1201 2448 nataret,

111 2483 320 2535 Clarum
344 2482 646 2550 Trojugenis
670 2484 860 2536 facium
880 2504 936 2536 ac
957 2487 1125 2539 nobile
1150 2488 1372 2543 fulcrum
1392 2513 1406 2545 :
1563 2518 1590 2564 9
1597 2517 1624 2565 5

113 2578 208 2628 Sed
232 2578 366 2630 nudo
390 2580 557 2639 latere,
593 2593 643 2631 et
668 2583 828 2647 parvis
852 2582 990 2634 frons
1014 2602 1135 2635 aerea
1154 2586 1292 2638 leeris

112 2676 226 2727 Vile
250 2680 471 2730 coronati
493 2692 642 2745 caput
665 2679 954 2733 ostendebat
977 2682 1123 2742 aselli,

840 2776 897 2825 H
1543 2785 1633 2838 Ad
