1941 3363
457 225 871 312 JUVENALrs
922 225 1200 289 SATYRA
1262 236 1356 291 ΙΙΙ.
1580 252 1659 314 25

154 367 351 428 Calcor,
375 379 425 420 et
445 368 498 420 in
522 369 682 436 digito
706 370 873 424 clavus
898 370 1027 423 mihi
1047 373 1223 425 militis
1247 372 1417 427 haeret.

152 463 342 515 Nonne
375 464 529 526 videS‚
565 479 754 531 quanto
776 467 1054 521 celebretur
1076 468 1294 535 sportula
1316 471 1461 524 fumo
1481 470 1500 521 ?

152 562 380 615 Centum
402 564 652 624 convivae3
688 565 906 634 sequitur
928 567 1011 618 sua
1028 586 1282 634 quemque
1306 569 1489 623 culina.

152 658 380 712 Corbulo
404 662 488 714 vix
511 662 661 716 ferret
683 676 760 717 tot
784 665 892 716 vasa
912 665 1153 730 ingentia,
1182 681 1257 720 tot
1283 686 1359 721 res
1570 686 1596 721 2
1603 687 1658 735 5¹

150 756 411 822 Impofitas
438 760 607 824 capiti,
639 779 760 827 quas
786 762 923 812 recto
943 760 1128 812 vertice
1152 775 1319 827 portat

152 853 382 907 Servulus
408 856 602 917 infelix,
627 869 678 909 et
699 857 843 910 cursu
863 857 1070 911 ventilat
1090 859 1284 924 ignem.

151 950 458 1007 Scinduntur
482 956 662 1008 tunicae
684 954 852 1016 sartae3
887 957 1043 1009 modo
1061 958 1215 1024 longa
1238 960 1461 1014 coruscat

153 1054 354 1106 Sarraco
377 1054 609 1107 veniente
635 1054 783 1114 abieS‚
803 1067 955 1123 atque
977 1056 1129 1108 altera
1150 1057 1331 1123 pinum
1573 1076 1598 1110 2
1608 1076 1630 1124 5
1640 1075 1664 1124 5

151 1149 375 1203 Plaustra
396 1148 604 1210 vehunt,
629 1163 810 1204 nutant
827 1152 943 1213 alte,
966 1153 1256 1221 populoque
1280 1155 1556 1207 minantur.

152 1246 295 1300 Nam
317 1247 352 1299 fi
374 1247 660 1315 procubuit,
687 1250 776 1315 qui
789 1248 909 1300 ‘saxa
925 1249 1179 1314 Ligustica
1198 1263 1366 1316 portat

152 1347 298 1407 Axis,
324 1358 373 1398 et
395 1345 622 1398 eversum
643 1345 776 1398 fudit
798 1346 942 1413 super
963 1349 1166 1412 agmina
1187 1360 1439 1411 montem,

154 1444 297 1512 Qd
314 1442 527 1510 superest
550 1443 612 1495 de
636 1444 926 1510 corporibus
947 1444 964 1494 ?
993 1445 1105 1511 quis
1127 1446 1376 1507 membra,
1401 1446 1514 1513 quis
1537 1445 1637 1498 offa

154 1538 389 1597 Invenit?
423 1539 671 1592 obtritum
695 1539 834 1605 vulgi
855 1540 984 1607 perit
1006 1531 1159 1592 omne
1183 1542 1407 1602 cadaver,
1574 1545 1669 1593 260

153 1639 307 1692 More
332 1640 525 1692 animam
561 1638 763 1709 Domus
786 1638 975 1690 interea
997 1637 1164 1691 secura
1183 1639 1389 1705 patellas

153 1736 185 1804 J
189 1755 272 1787 am
294 1736 442 1796 lavat,
466 1745 517 1785 et
539 1733 700 1786 bucca
716 1732 948 1785 foculum
971 1733 1173 1793 excitat,
1200 1746 1251 1786 et
1273 1734 1412 1789 sonat
1435 1733 1598 1791 unctis

156 1833 459 1899 strigilibus,
486 1843 536 1883 et
559 1832 709 1897 pleno
732 1829 998 1897 componit
1020 1830 1173 1881 lintea
1195 1842 1360 1896 gutto.

155 1934 284 1988 Haec
306 1933 437 1983 inter
455 1948 632 1997 pueros
655 1929 788 1980 varie
811 1940 1168 1994 properantur:
1206 1940 1255 1982 at
1278 1928 1362 1979 ille

154 2033 273 2101 jam
294 2029 428 2083 sedet
450 2030 503 2081 in
527 2029 648 2095 ripa,
674 2039 962 2093 tetrumque
984 2026 1201 2079 novitius
1223 2025 1421 2078 horret*
1577 2028 1668 2091 265

155 2128 446 2189 Porthmea‚
471 2146 563 2178 nec
587 2126 746 2192 sperat
769 2124 953 2177 coenofi
986 2122 1197 2189 gurgitis
1224 2122 1400 2174 alnum

156 2224 359 2285 Infelix,
388 2242 481 2275 nec
504 2221 675 2282 habet,
700 2238 856 2287 quem
881 2220 1118 2286 porrigat,
1144 2235 1228 2269 ore
1250 2217 1506 2269 trientem.

156 2321 366 2388 Respice
390 2338 525 2371 nunc
547 2319 655 2378 alia,
680 2335 736 2368 ac
754 2314 938 2367 diversa
963 2312 1182 2379 pericula
1203 2312 1381 2364 noctis.

159 2419 314 2490 Qod
338 2416 555 2484 spatium
577 2414 719 2466 tectis
745 2410 1059 2470 sublimibu8‚
1085 2408 1217 2461 unde
1238 2409 1504 2460 cerebrum

158 2516 312 2578 Testa
334 2513 468 2572 ferit,
494 2511 690 2578 quoties
714 2506 910 2567 rimosa,
936 2518 986 2557 et
1009 2517 1151 2558 curta
1173 2504 1396 2557 fenestris
1576 2519 1672 2568 270

155 2615 284 2667 Vasa
304 2612 489 2666 cadunt
506 2633 521 2670 3
558 2620 746 2675 quanto
763 2603 1044 2672 percuffum
1066 2602 1288 2669 pondere
1306 2601 1518 2667 signent,

159 2714 230 2776 Et
251 2710 432 2764 laedant
453 2707 657 2762 filicem.
693 2702 846 2757 Poffis
870 2702 1078 2766 ignavus
1101 2698 1292 2759 haberi,

1600 2793 1671 2847 Et
