<?xml version="1.0" encoding="UTF-8"?>
<!DOCTYPE html PUBLIC "-//W3C//DTD XHTML 1.0 Transitional//EN"
    "http://www.w3.org/TR/xhtml1/DTD/xhtml1-transitional.dtd">
<html xmlns="http://www.w3.org/1999/xhtml" xml:lang="en" lang="en">
 <head>
  <title>
</title>
<meta http-equiv="Content-Type" content="text/html;charset=utf-8" />
  <meta name='ocr-system' content='tesseract 3.04.00' />
  <meta name='ocr-capabilities' content='ocr_page ocr_carea ocr_par ocr_line ocrx_word'/>
</head>
<body>
  <div class='ocr_page' id='page_1' title='image "./djuniijuvenalise00juveuoft_0221.png"; bbox 0 0 1941 3363; ppageno 0'>
   <div class='ocr_carea' id='block_1_1' title="bbox 563 177 1696 268">
    <p class='ocr_par' dir='ltr' id='par_1_1' title="bbox 563 177 1696 268">
     <span class='ocr_line' id='line_1_1' title="bbox 563 177 1696 268; baseline 0.009 -31"><span class='ocrx_word' id='word_1_1' title='bbox 563 177 828 242; x_wconf 71' lang='lat' dir='ltr'>PERsrr</span> <span class='ocrx_word' id='word_1_2' title='bbox 885 180 1181 243; x_wconf 73' lang='lat' dir='ltr'>SATYRA</span> <span class='ocrx_word' id='word_1_3' title='bbox 1228 191 1271 244; x_wconf 86' lang='grc' dir='ltr'>Ι.</span> <span class='ocrx_word' id='word_1_4' title='bbox 1574 187 1696 268; x_wconf 79' lang='lat'>165</span> 
     </span>
    </p>
   </div>
   <div class='ocr_carea' id='block_1_2' title="bbox 156 317 1698 2626">
    <p class='ocr_par' dir='ltr' id='par_1_2' title="bbox 177 317 1446 388">
     <span class='ocr_line' id='line_1_2' title="bbox 177 317 1446 388; baseline 0.004 -19"><span class='ocrx_word' id='word_1_5' title='bbox 177 317 456 378; x_wconf 80' lang='lat' dir='ltr'>Auriculis,</span> <span class='ocrx_word' id='word_1_6' title='bbox 482 320 667 386; x_wconf 86' lang='lat' dir='ltr'>quibus</span> <span class='ocrx_word' id='word_1_7' title='bbox 691 333 740 373; x_wconf 88' lang='lat' dir='ltr'>et</span> <span class='ocrx_word' id='word_1_8' title='bbox 765 322 897 373; x_wconf 88' lang='lat' dir='ltr'>dicas</span> <span class='ocrx_word' id='word_1_9' title='bbox 920 334 1033 374; x_wconf 88' lang='lat' dir='ltr'>cute</span> <span class='ocrx_word' id='word_1_10' title='bbox 1057 324 1299 388; x_wconf 85' lang='lat' dir='ltr'>perditus,</span> <span class='ocrx_word' id='word_1_11' title='bbox 1326 322 1446 376; x_wconf 83' lang='lat' dir='ltr'>ohe!</span> 
     </span>
    </p>

    <p class='ocr_par' dir='ltr' id='par_1_3' title="bbox 173 415 1698 687">
     <span class='ocr_line' id='line_1_3' title="bbox 176 415 1695 488; baseline 0.007 -23"><span class='ocrx_word' id='word_1_12' title='bbox 176 415 300 483; x_wconf 80' lang='lat' dir='ltr'>Q)</span> <span class='ocrx_word' id='word_1_13' title='bbox 324 416 562 477; x_wconf 73' lang='lat' dir='ltr'>didicisse,</span> <span class='ocrx_word' id='word_1_14' title='bbox 588 419 674 469; x_wconf 87' lang='lat' dir='ltr'>nifi</span> <span class='ocrx_word' id='word_1_15' title='bbox 698 417 797 470; x_wconf 92' lang='lat' dir='ltr'>hoc</span> <span class='ocrx_word' id='word_1_16' title='bbox 822 419 1152 481; x_wconf 87' lang='lat' dir='ltr'>fermentum,</span> <span class='ocrx_word' id='word_1_17' title='bbox 1176 434 1226 473; x_wconf 88' lang='lat' dir='ltr'>et</span> <span class='ocrx_word' id='word_1_18' title='bbox 1250 441 1360 488; x_wconf 77' lang='lat' dir='ltr'>quae</span> <span class='ocrx_word' id='word_1_19' title='bbox 1386 423 1535 485; x_wconf 81' lang='lat' dir='ltr'>semel</span> <span class='ocrx_word' id='word_1_20' title='bbox 1562 424 1695 475; x_wconf 87' lang='lat' dir='ltr'>intus</span> 
     </span>
     <span class='ocr_line' id='line_1_4' title="bbox 173 520 1698 595; baseline 0.007 -24"><span class='ocrx_word' id='word_1_21' title='bbox 173 520 353 577; x_wconf 75' lang='lat' dir='ltr'>Innata</span> <span class='ocrx_word' id='word_1_22' title='bbox 377 521 464 580; x_wconf 86' lang='lat' dir='ltr'>est,</span> <span class='ocrx_word' id='word_1_23' title='bbox 493 535 642 587; x_wconf 86' lang='lat' dir='ltr'>rupto</span> <span class='ocrx_word' id='word_1_24' title='bbox 667 522 828 588; x_wconf 84' lang='lat' dir='ltr'>jecore</span> <span class='ocrx_word' id='word_1_25' title='bbox 850 525 1026 578; x_wconf 81' lang='lat' dir='ltr'>exierit</span> <span class='ocrx_word' id='word_1_26' title='bbox 1047 525 1343 591; x_wconf 84' lang='lat' dir='ltr'>caprificus?</span> <span class='ocrx_word' id='word_1_27' title='bbox 1638 547 1698 595; x_wconf 64' lang='grc' dir='ltr'>ας</span> 
     </span>
     <span class='ocr_line' id='line_1_5' title="bbox 174 616 1462 687; baseline 0.007 -21"><span class='ocrx_word' id='word_1_28' title='bbox 174 616 256 666; x_wconf 93' lang='lat' dir='ltr'>En</span> <span class='ocrx_word' id='word_1_29' title='bbox 281 618 455 681; x_wconf 88' lang='lat' dir='ltr'>pallor,</span> <span class='ocrx_word' id='word_1_30' title='bbox 483 618 801 684; x_wconf 75' lang='lat' dir='ltr'>seniumque!</span> <span class='ocrx_word' id='word_1_31' title='bbox 828 638 859 670; x_wconf 97' lang='lat' dir='ltr'>o</span> <span class='ocrx_word' id='word_1_32' title='bbox 884 620 1074 672; x_wconf 84' lang='lat' dir='ltr'>mores!</span> <span class='ocrx_word' id='word_1_33' title='bbox 1101 623 1251 687; x_wconf 85' lang='lat' dir='ltr'>usque</span> <span class='ocrx_word' id='word_1_34' title='bbox 1274 624 1462 675; x_wconf 88' lang='lat' dir='ltr'>adeone</span> 
     </span>
    </p>

    <p class='ocr_par' dir='ltr' id='par_1_4' title="bbox 170 711 1533 774">
     <span class='ocr_line' id='line_1_6' title="bbox 170 711 1533 774; baseline 0.004 -12"><span class='ocrx_word' id='word_1_35' title='bbox 170 711 308 763; x_wconf 86' lang='lat' dir='ltr'>Scire</span> <span class='ocrx_word' id='word_1_36' title='bbox 339 724 485 764; x_wconf 86' lang='lat' dir='ltr'>tuum</span> <span class='ocrx_word' id='word_1_37' title='bbox 512 713 640 765; x_wconf 87' lang='lat' dir='ltr'><strong>nihil</strong></span> <span class='ocrx_word' id='word_1_38' title='bbox 663 714 749 774; x_wconf 88' lang='lat' dir='ltr'>est,</span> <span class='ocrx_word' id='word_1_39' title='bbox 784 715 873 766; x_wconf 78' lang='lat' dir='ltr'>nisi</span> <span class='ocrx_word' id='word_1_40' title='bbox 900 728 948 767; x_wconf 91' lang='lat' dir='ltr'>te</span> <span class='ocrx_word' id='word_1_41' title='bbox 970 716 1089 767; x_wconf 90' lang='lat' dir='ltr'>scire</span> <span class='ocrx_word' id='word_1_42' title='bbox 1112 716 1211 768; x_wconf 91' lang='lat' dir='ltr'>hoc</span> <span class='ocrx_word' id='word_1_43' title='bbox 1234 719 1351 770; x_wconf 83' lang='lat' dir='ltr'>sciat</span> <span class='ocrx_word' id='word_1_44' title='bbox 1375 720 1533 770; x_wconf 84' lang='lat' dir='ltr'>alter?</span> 
     </span>
    </p>

    <p class='ocr_par' dir='ltr' id='par_1_5' title="bbox 171 808 1548 970">
     <span class='ocr_line' id='line_1_7' title="bbox 171 808 1548 874; baseline 0.008 -16"><span class='ocrx_word' id='word_1_45' title='bbox 171 808 248 859; x_wconf 90' lang='lat' dir='ltr'>At</span> <span class='ocrx_word' id='word_1_46' title='bbox 270 808 504 874; x_wconf 90' lang='lat' dir='ltr'>pulcrum</span> <span class='ocrx_word' id='word_1_47' title='bbox 528 809 597 860; x_wconf 91' lang='lat' dir='ltr'>est</span> <span class='ocrx_word' id='word_1_48' title='bbox 618 810 778 874; x_wconf 84' lang='lat' dir='ltr'>digito</span> <span class='ocrx_word' id='word_1_49' title='bbox 800 811 1081 871; x_wconf 85' lang='lat' dir='ltr'>monstrari,</span> <span class='ocrx_word' id='word_1_50' title='bbox 1106 825 1156 864; x_wconf 88' lang='lat' dir='ltr'>et</span> <span class='ocrx_word' id='word_1_51' title='bbox 1179 813 1333 868; x_wconf 87' lang='lat' dir='ltr'>dicier</span> <span class='ocrx_word' id='word_1_52' title='bbox 1354 813 1438 867; x_wconf 89' lang='lat' dir='ltr'>hic</span> <span class='ocrx_word' id='word_1_53' title='bbox 1462 815 1548 870; x_wconf 87' lang='lat' dir='ltr'>est.</span> 
     </span>
     <span class='ocr_line' id='line_1_8' title="bbox 173 905 1244 970; baseline 0.005 -15"><span class='ocrx_word' id='word_1_54' title='bbox 173 905 309 956; x_wconf 89' lang='lat' dir='ltr'>Ten&#39;</span> <span class='ocrx_word' id='word_1_55' title='bbox 328 907 627 959; x_wconf 87' lang='lat' dir='ltr'>cirratorum</span> <span class='ocrx_word' id='word_1_56' title='bbox 649 921 857 958; x_wconf 89' lang='lat' dir='ltr'>centum</span> <span class='ocrx_word' id='word_1_57' title='bbox 880 907 1063 960; x_wconf 66' lang='lat' dir='ltr'>dictata</span> <span class='ocrx_word' id='word_1_58' title='bbox 1083 907 1244 970; x_wconf 83' lang='lat' dir='ltr'>fuiffe,</span> 
     </span>
    </p>

    <p class='ocr_par' dir='ltr' id='par_1_6' title="bbox 170 1003 1693 1171">
     <span class='ocr_line' id='line_1_9' title="bbox 170 1003 1693 1077; baseline 0.006 -21"><span class='ocrx_word' id='word_1_59' title='bbox 170 1003 270 1056; x_wconf 87' lang='lat' dir='ltr'>Pro</span> <span class='ocrx_word' id='word_1_60' title='bbox 293 1004 455 1058; x_wconf 90' lang='lat' dir='ltr'>nihilo</span> <span class='ocrx_word' id='word_1_61' title='bbox 474 1005 693 1072; x_wconf 89' lang='lat' dir='ltr'>pendas?</span> <span class='ocrx_word' id='word_1_62' title='bbox 719 1025 835 1059; x_wconf 89' lang='lat' dir='ltr'>ecce</span> <span class='ocrx_word' id='word_1_63' title='bbox 859 1006 989 1058; x_wconf 88' lang='lat' dir='ltr'>inter</span> <span class='ocrx_word' id='word_1_64' title='bbox 1010 1009 1191 1073; x_wconf 89' lang='lat' dir='ltr'>pocula</span> <span class='ocrx_word' id='word_1_65' title='bbox 1212 1023 1442 1075; x_wconf 80' lang='lat' dir='ltr'>quaerunt</span> <span class='ocrx_word' id='word_1_66' title='bbox 1629 1030 1693 1077; x_wconf 84' lang='lat'>30</span> 
     </span>
     <span class='ocr_line' id='line_1_10' title="bbox 170 1101 1408 1171; baseline 0.006 -18"><span class='ocrx_word' id='word_1_67' title='bbox 170 1101 462 1155; x_wconf 86' lang='lat' dir='ltr'>Romulidae</span> <span class='ocrx_word' id='word_1_68' title='bbox 486 1104 653 1165; x_wconf 89' lang='lat' dir='ltr'>saturi,</span> <span class='ocrx_word' id='word_1_69' title='bbox 682 1105 807 1171; x_wconf 91' lang='lat' dir='ltr'>quid</span> <span class='ocrx_word' id='word_1_70' title='bbox 830 1105 912 1155; x_wconf 92' lang='lat' dir='ltr'>dia</span> <span class='ocrx_word' id='word_1_71' title='bbox 933 1110 1171 1170; x_wconf 67' lang='lat' dir='ltr'>poemata</span> <span class='ocrx_word' id='word_1_72' title='bbox 1193 1121 1408 1160; x_wconf 83' lang='lat' dir='ltr'>narrent.</span> 
     </span>
    </p>

    <p class='ocr_par' dir='ltr' id='par_1_7' title="bbox 163 1197 1691 1840">
     <span class='ocr_line' id='line_1_11' title="bbox 169 1197 1691 1268; baseline 0.007 -20"><span class='ocrx_word' id='word_1_73' title='bbox 169 1197 276 1248; x_wconf 90' lang='lat' dir='ltr'>Hic</span> <span class='ocrx_word' id='word_1_74' title='bbox 300 1198 499 1264; x_wconf 86' lang='lat' dir='ltr'>aliquis,</span> <span class='ocrx_word' id='word_1_75' title='bbox 523 1200 607 1250; x_wconf 90' lang='lat' dir='ltr'>cui</span> <span class='ocrx_word' id='word_1_76' title='bbox 631 1199 827 1250; x_wconf 83' lang='lat' dir='ltr'>circum</span> <span class='ocrx_word' id='word_1_77' title='bbox 849 1197 1088 1252; x_wconf 84' lang='lat' dir='ltr'>humeros</span> <span class='ocrx_word' id='word_1_78' title='bbox 1111 1199 1440 1266; x_wconf 85' lang='lat' dir='ltr'>hyacinthina</span> <span class='ocrx_word' id='word_1_79' title='bbox 1463 1205 1587 1257; x_wconf 79' lang='lat' dir='ltr'>laena</span> <span class='ocrx_word' id='word_1_80' title='bbox 1604 1206 1691 1268; x_wconf 87' lang='lat' dir='ltr'>est,</span> 
     </span>
     <span class='ocr_line' id='line_1_12' title="bbox 168 1292 1425 1357; baseline 0.004 -13"><span class='ocrx_word' id='word_1_81' title='bbox 168 1292 514 1345; x_wconf 84' lang='lat' dir='ltr'>Rancidulum</span> <span class='ocrx_word' id='word_1_82' title='bbox 541 1293 782 1357; x_wconf 87' lang='lat' dir='ltr'>quiddam</span> <span class='ocrx_word' id='word_1_83' title='bbox 808 1292 954 1344; x_wconf 87' lang='lat' dir='ltr'>balba</span> <span class='ocrx_word' id='word_1_84' title='bbox 978 1293 1039 1344; x_wconf 90' lang='lat' dir='ltr'>de</span> <span class='ocrx_word' id='word_1_85' title='bbox 1061 1313 1178 1346; x_wconf 88' lang='lat' dir='ltr'>nare</span> <span class='ocrx_word' id='word_1_86' title='bbox 1201 1296 1395 1349; x_wconf 88' lang='lat' dir='ltr'>locutus</span> <span class='ocrx_word' id='word_1_87' title='bbox 1409 1323 1425 1357; x_wconf 64' lang='grc' dir='ltr'><strong><em>ς</em></strong></span> 
     </span>
     <span class='ocr_line' id='line_1_13' title="bbox 166 1391 1530 1462; baseline 0.004 -18"><span class='ocrx_word' id='word_1_88' title='bbox 166 1391 421 1457; x_wconf 78' lang='lat' dir='ltr'>Phdeas,</span> <span class='ocrx_word' id='word_1_89' title='bbox 448 1391 767 1457; x_wconf 83' lang='lat' dir='ltr'>HypfipylaS,</span> <span class='ocrx_word' id='word_1_90' title='bbox 792 1403 967 1443; x_wconf 87' lang='lat' dir='ltr'>vatum</span> <span class='ocrx_word' id='word_1_91' title='bbox 993 1404 1042 1443; x_wconf 87' lang='lat' dir='ltr'>et</span> <span class='ocrx_word' id='word_1_92' title='bbox 1064 1394 1306 1458; x_wconf 84' lang='lat' dir='ltr'>plorabile</span> <span class='ocrx_word' id='word_1_93' title='bbox 1329 1396 1363 1447; x_wconf 90' lang='lat' dir='ltr'><strong>fi</strong></span> <span class='ocrx_word' id='word_1_94' title='bbox 1389 1398 1530 1462; x_wconf 89' lang='lat' dir='ltr'>quid,</span> 
     </span>
     <span class='ocr_line' id='line_1_14' title="bbox 167 1488 1686 1564; baseline 0.002 -21"><span class='ocrx_word' id='word_1_95' title='bbox 167 1491 395 1555; x_wconf 85' lang='lat' dir='ltr'>Eliquat,</span> <span class='ocrx_word' id='word_1_96' title='bbox 421 1501 470 1540; x_wconf 91' lang='lat' dir='ltr'>et</span> <span class='ocrx_word' id='word_1_97' title='bbox 493 1500 666 1539; x_wconf 87' lang='lat' dir='ltr'>tenero</span> <span class='ocrx_word' id='word_1_98' title='bbox 689 1488 969 1554; x_wconf 89' lang='lat' dir='ltr'>supplantat</span> <span class='ocrx_word' id='word_1_99' title='bbox 994 1490 1142 1543; x_wconf 88' lang='lat' dir='ltr'>verba</span> <span class='ocrx_word' id='word_1_100' title='bbox 1164 1492 1347 1557; x_wconf 81' lang='lat' dir='ltr'>palato.</span> <span class='ocrx_word' id='word_1_101' title='bbox 1626 1516 1686 1564; x_wconf 78' lang='lat'>35</span> 
     </span>
     <span class='ocr_line' id='line_1_15' title="bbox 165 1583 1674 1652; baseline 0.001 -13"><span class='ocrx_word' id='word_1_102' title='bbox 165 1586 420 1639; x_wconf 85' lang='lat' dir='ltr'>Affensere</span> <span class='ocrx_word' id='word_1_103' title='bbox 442 1585 563 1636; x_wconf 90' lang='lat' dir='ltr'>viri:</span> <span class='ocrx_word' id='word_1_104' title='bbox 599 1603 738 1636; x_wconf 87' lang='lat' dir='ltr'>nunc</span> <span class='ocrx_word' id='word_1_105' title='bbox 762 1603 864 1636; x_wconf 88' lang='lat' dir='ltr'>non</span> <span class='ocrx_word' id='word_1_106' title='bbox 888 1585 1013 1637; x_wconf 84' lang='lat' dir='ltr'>cinis</span> <span class='ocrx_word' id='word_1_107' title='bbox 1036 1585 1118 1636; x_wconf 90' lang='lat' dir='ltr'>ille</span> <span class='ocrx_word' id='word_1_108' title='bbox 1143 1592 1304 1652; x_wconf 79' lang='lat' dir='ltr'>poe&#39;tae</span> <span class='ocrx_word' id='word_1_109' title='bbox 1671 1583 1674 1585; x_wconf 14' lang='grc' dir='ltr'><strong>Α</strong></span> 
     </span>
     <span class='ocr_line' id='line_1_16' title="bbox 163 1680 1432 1749; baseline 0.001 -14"><span class='ocrx_word' id='word_1_110' title='bbox 163 1682 343 1735; x_wconf 85' lang='lat' dir='ltr'>Felix?</span> <span class='ocrx_word' id='word_1_111' title='bbox 370 1700 472 1733; x_wconf 89' lang='lat' dir='ltr'>non</span> <span class='ocrx_word' id='word_1_112' title='bbox 497 1680 652 1732; x_wconf 90' lang='lat' dir='ltr'>levior</span> <span class='ocrx_word' id='word_1_113' title='bbox 673 1681 852 1746; x_wconf 89' lang='lat' dir='ltr'>cippus</span> <span class='ocrx_word' id='word_1_114' title='bbox 871 1698 1007 1733; x_wconf 89' lang='lat' dir='ltr'>nunc</span> <span class='ocrx_word' id='word_1_115' title='bbox 1028 1682 1279 1749; x_wconf 87' lang='lat' dir='ltr'>imprimit</span> <span class='ocrx_word' id='word_1_116' title='bbox 1301 1685 1432 1736; x_wconf 78' lang='lat' dir='ltr'>offa?</span> 
     </span>
     <span class='ocr_line' id='line_1_17' title="bbox 163 1776 1407 1840; baseline 0 -9"><span class='ocrx_word' id='word_1_117' title='bbox 163 1778 397 1832; x_wconf 84' lang='lat' dir='ltr'>Laudant</span> <span class='ocrx_word' id='word_1_118' title='bbox 419 1776 640 1829; x_wconf 86' lang='lat' dir='ltr'>convivae</span> <span class='ocrx_word' id='word_1_119' title='bbox 660 1794 672 1826; x_wconf 92' lang='lat'><strong>:</strong></span> <span class='ocrx_word' id='word_1_120' title='bbox 693 1793 831 1826; x_wconf 90' lang='lat' dir='ltr'>nunc</span> <span class='ocrx_word' id='word_1_121' title='bbox 853 1794 957 1828; x_wconf 89' lang='lat' dir='ltr'>non</span> <span class='ocrx_word' id='word_1_122' title='bbox 980 1795 1007 1827; x_wconf 89' lang='lat' dir='ltr'>e</span> <span class='ocrx_word' id='word_1_123' title='bbox 1029 1777 1265 1829; x_wconf 88' lang='lat' dir='ltr'>manibus</span> <span class='ocrx_word' id='word_1_124' title='bbox 1290 1780 1407 1840; x_wconf 83' lang='lat' dir='ltr'>illis,</span> 
     </span>
    </p>

    <p class='ocr_par' dir='ltr' id='par_1_8' title="bbox 162 1867 1301 1935">
     <span class='ocr_line' id='line_1_18' title="bbox 162 1867 1301 1935; baseline -0.003 -10"><span class='ocrx_word' id='word_1_125' title='bbox 162 1872 319 1925; x_wconf 93' lang='lat' dir='ltr'>Nunc</span> <span class='ocrx_word' id='word_1_126' title='bbox 344 1889 446 1923; x_wconf 88' lang='lat' dir='ltr'>non</span> <span class='ocrx_word' id='word_1_127' title='bbox 472 1888 499 1921; x_wconf 88' lang='lat' dir='ltr'>e</span> <span class='ocrx_word' id='word_1_128' title='bbox 525 1868 726 1921; x_wconf 89' lang='lat' dir='ltr'>tumulo</span> <span class='ocrx_word' id='word_1_129' title='bbox 750 1867 1108 1935; x_wconf 85' lang='lat' dir='ltr'>fortunataque</span> <span class='ocrx_word' id='word_1_130' title='bbox 1132 1869 1301 1923; x_wconf 90' lang='lat' dir='ltr'>favilla</span> 
     </span>
    </p>

    <p class='ocr_par' dir='ltr' id='par_1_9' title="bbox 159 1966 1684 2136">
     <span class='ocr_line' id='line_1_19' title="bbox 161 1966 1684 2037; baseline 0.001 -12"><span class='ocrx_word' id='word_1_131' title='bbox 161 1971 444 2026; x_wconf 74' lang='lat' dir='ltr'>Nascentur</span> <span class='ocrx_word' id='word_1_132' title='bbox 464 1967 640 2019; x_wconf 83' lang='lat' dir='ltr'>violae?</span> <span class='ocrx_word' id='word_1_133' title='bbox 665 1966 812 2027; x_wconf 85' lang='lat' dir='ltr'>rides,</span> <span class='ocrx_word' id='word_1_134' title='bbox 838 1969 922 2028; x_wconf 89' lang='lat' dir='ltr'>ait,</span> <span class='ocrx_word' id='word_1_135' title='bbox 947 1980 997 2019; x_wconf 91' lang='lat' dir='ltr'>et</span> <span class='ocrx_word' id='word_1_136' title='bbox 1021 1968 1171 2019; x_wconf 88' lang='lat' dir='ltr'>nimis</span> <span class='ocrx_word' id='word_1_137' title='bbox 1196 1970 1335 2021; x_wconf 85' lang='lat' dir='ltr'>uncis</span> <span class='ocrx_word' id='word_1_138' title='bbox 1616 1993 1684 2037; x_wconf 77' lang='lat'>40</span> 
     </span>
     <span class='ocr_line' id='line_1_20' title="bbox 159 2069 1410 2136; baseline -0.001 -13"><span class='ocrx_word' id='word_1_139' title='bbox 159 2070 382 2123; x_wconf 82' lang='lat' dir='ltr'>Naribus</span> <span class='ocrx_word' id='word_1_140' title='bbox 406 2069 652 2134; x_wconf 86' lang='lat' dir='ltr'>indulges.</span> <span class='ocrx_word' id='word_1_141' title='bbox 720 2071 804 2120; x_wconf 88' lang='lat' dir='ltr'>An</span> <span class='ocrx_word' id='word_1_142' title='bbox 828 2070 938 2129; x_wconf 83' lang='lat' dir='ltr'>erit,</span> <span class='ocrx_word' id='word_1_143' title='bbox 964 2071 1051 2136; x_wconf 88' lang='lat' dir='ltr'>qui</span> <span class='ocrx_word' id='word_1_144' title='bbox 1077 2071 1200 2122; x_wconf 87' lang='lat' dir='ltr'>velle</span> <span class='ocrx_word' id='word_1_145' title='bbox 1223 2071 1410 2133; x_wconf 82' lang='lat' dir='ltr'>recuset</span> 
     </span>
    </p>

    <p class='ocr_par' dir='ltr' id='par_1_10' title="bbox 162 2169 1391 2236">
     <span class='ocr_line' id='line_1_21' title="bbox 162 2169 1391 2236; baseline 0 -14"><span class='ocrx_word' id='word_1_146' title='bbox 162 2170 238 2222; x_wconf 89' lang='lat' dir='ltr'>Os</span> <span class='ocrx_word' id='word_1_147' title='bbox 262 2169 437 2236; x_wconf 89' lang='lat' dir='ltr'>populi</span> <span class='ocrx_word' id='word_1_148' title='bbox 460 2169 691 2221; x_wconf 86' lang='lat' dir='ltr'>meruiffe</span> <span class='ocrx_word' id='word_1_149' title='bbox 711 2188 722 2220; x_wconf 73' lang='grc' dir='ltr'><strong><em>ε</em></strong></span> <span class='ocrx_word' id='word_1_150' title='bbox 760 2181 809 2220; x_wconf 92' lang='lat' dir='ltr'>et</span> <span class='ocrx_word' id='word_1_151' title='bbox 831 2169 981 2221; x_wconf 88' lang='lat' dir='ltr'>cedro</span> <span class='ocrx_word' id='word_1_152' title='bbox 1002 2171 1154 2236; x_wconf 84' lang='lat' dir='ltr'>digna</span> <span class='ocrx_word' id='word_1_153' title='bbox 1174 2171 1391 2231; x_wconf 81' lang='lat' dir='ltr'>locutuS,</span> 
     </span>
    </p>

    <p class='ocr_par' dir='ltr' id='par_1_11' title="bbox 156 2264 1677 2626">
     <span class='ocr_line' id='line_1_22' title="bbox 158 2264 1655 2331; baseline 0.001 -12"><span class='ocrx_word' id='word_1_154' title='bbox 158 2267 414 2331; x_wconf 91' lang='lat' dir='ltr'>Linquere</span> <span class='ocrx_word' id='word_1_155' title='bbox 438 2282 530 2315; x_wconf 91' lang='lat' dir='ltr'>nec</span> <span class='ocrx_word' id='word_1_156' title='bbox 553 2264 807 2316; x_wconf 87' lang='lat' dir='ltr'>scombros</span> <span class='ocrx_word' id='word_1_157' title='bbox 830 2265 1111 2317; x_wconf 88' lang='lat' dir='ltr'>metuentia</span> <span class='ocrx_word' id='word_1_158' title='bbox 1135 2265 1360 2317; x_wconf 90' lang='lat' dir='ltr'>carmina</span> <span class='ocrx_word' id='word_1_159' title='bbox 1383 2283 1476 2317; x_wconf 87' lang='lat' dir='ltr'>nec</span> <span class='ocrx_word' id='word_1_160' title='bbox 1501 2267 1655 2320; x_wconf 79' lang='lat' dir='ltr'>thus?</span> 
     </span>
     <span class='ocr_line' id='line_1_23' title="bbox 161 2359 1541 2431; baseline 0.004 -20"><span class='ocrx_word' id='word_1_161' title='bbox 161 2361 404 2431; x_wconf 80' lang='lat' dir='ltr'>Qsquis</span> <span class='ocrx_word' id='word_1_162' title='bbox 430 2378 480 2411; x_wconf 92' lang='lat' dir='ltr'>es</span> <span class='ocrx_word' id='word_1_163' title='bbox 504 2359 555 2420; x_wconf 82' lang='grc' dir='ltr'>ὂ,</span> <span class='ocrx_word' id='word_1_164' title='bbox 580 2360 736 2411; x_wconf 92' lang='lat' dir='ltr'>modo</span> <span class='ocrx_word' id='word_1_165' title='bbox 761 2378 916 2427; x_wconf 89' lang='lat' dir='ltr'>quem</span> <span class='ocrx_word' id='word_1_166' title='bbox 938 2379 1001 2412; x_wconf 86' lang='lat' dir='ltr'>ex</span> <span class='ocrx_word' id='word_1_167' title='bbox 1023 2361 1220 2413; x_wconf 89' lang='lat' dir='ltr'>adverso</span> <span class='ocrx_word' id='word_1_168' title='bbox 1242 2361 1403 2412; x_wconf 89' lang='lat' dir='ltr'>dicere</span> <span class='ocrx_word' id='word_1_169' title='bbox 1424 2361 1541 2424; x_wconf 88' lang='lat' dir='ltr'>feci,</span> 
     </span>
     <span class='ocr_line' id='line_1_24' title="bbox 156 2458 1677 2533; baseline -0.001 -20"><span class='ocrx_word' id='word_1_170' title='bbox 156 2461 284 2513; x_wconf 88' lang='lat' dir='ltr'>Non</span> <span class='ocrx_word' id='word_1_171' title='bbox 303 2478 415 2526; x_wconf 88' lang='lat' dir='ltr'>eg0,</span> <span class='ocrx_word' id='word_1_172' title='bbox 438 2477 563 2510; x_wconf 91' lang='lat' dir='ltr'>cum</span> <span class='ocrx_word' id='word_1_173' title='bbox 583 2458 761 2519; x_wconf 90' lang='lat' dir='ltr'>scrib0,</span> <span class='ocrx_word' id='word_1_174' title='bbox 795 2459 830 2511; x_wconf 90' lang='lat' dir='ltr'><strong>fi</strong></span> <span class='ocrx_word' id='word_1_175' title='bbox 855 2459 985 2511; x_wconf 90' lang='lat' dir='ltr'>forte</span> <span class='ocrx_word' id='word_1_176' title='bbox 1008 2459 1132 2526; x_wconf 90' lang='lat' dir='ltr'>quid</span> <span class='ocrx_word' id='word_1_177' title='bbox 1157 2459 1317 2525; x_wconf 84' lang='lat' dir='ltr'>aptius</span> <span class='ocrx_word' id='word_1_178' title='bbox 1341 2460 1461 2521; x_wconf 81' lang='lat' dir='ltr'>exit,</span> <span class='ocrx_word' id='word_1_179' title='bbox 1612 2485 1644 2527; x_wconf 90' lang='lat'>4</span> <span class='ocrx_word' id='word_1_180' title='bbox 1650 2484 1677 2533; x_wconf 80' lang='lat'>5</span> 
     </span>
     <span class='ocr_line' id='line_1_25' title="bbox 159 2557 1610 2626; baseline 0.003 -19"><span class='ocrx_word' id='word_1_181' title='bbox 159 2557 380 2626; x_wconf 83' lang='lat' dir='ltr'>Qando</span> <span class='ocrx_word' id='word_1_182' title='bbox 402 2557 510 2610; x_wconf 84' lang='lat' dir='ltr'>haec</span> <span class='ocrx_word' id='word_1_183' title='bbox 535 2576 642 2611; x_wconf 90' lang='lat' dir='ltr'>rara</span> <span class='ocrx_word' id='word_1_184' title='bbox 664 2560 764 2610; x_wconf 88' lang='lat' dir='ltr'>avis</span> <span class='ocrx_word' id='word_1_185' title='bbox 790 2557 878 2616; x_wconf 90' lang='lat' dir='ltr'>est,</span> <span class='ocrx_word' id='word_1_186' title='bbox 904 2557 939 2609; x_wconf 92' lang='lat' dir='ltr'><strong>fi</strong></span> <span class='ocrx_word' id='word_1_187' title='bbox 964 2559 1086 2623; x_wconf 90' lang='lat' dir='ltr'>quid</span> <span class='ocrx_word' id='word_1_188' title='bbox 1111 2570 1280 2611; x_wconf 90' lang='lat' dir='ltr'>tamen</span> <span class='ocrx_word' id='word_1_189' title='bbox 1304 2560 1466 2626; x_wconf 88' lang='lat' dir='ltr'>aptius</span> <span class='ocrx_word' id='word_1_190' title='bbox 1489 2562 1610 2621; x_wconf 83' lang='lat' dir='ltr'>exit,</span> 
     </span>
    </p>
   </div>
   <div class='ocr_carea' id='block_1_3' title="bbox 157 2654 1672 2818">
    <p class='ocr_par' dir='ltr' id='par_1_12' title="bbox 157 2654 1672 2818">
     <span class='ocr_line' id='line_1_26' title="bbox 157 2654 1617 2723; baseline 0.003 -17"><span class='ocrx_word' id='word_1_191' title='bbox 157 2654 373 2721; x_wconf 77' lang='lat' dir='ltr'>Laudari</span> <span class='ocrx_word' id='word_1_192' title='bbox 396 2666 650 2710; x_wconf 85' lang='lat' dir='ltr'>metuam:</span> <span class='ocrx_word' id='word_1_193' title='bbox 678 2675 842 2723; x_wconf 87' lang='lat' dir='ltr'>neque</span> <span class='ocrx_word' id='word_1_194' title='bbox 865 2656 1004 2708; x_wconf 86' lang='lat' dir='ltr'>enim</span> <span class='ocrx_word' id='word_1_195' title='bbox 1029 2657 1160 2710; x_wconf 87' lang='lat' dir='ltr'>mihi</span> <span class='ocrx_word' id='word_1_196' title='bbox 1182 2677 1362 2712; x_wconf 90' lang='lat' dir='ltr'>cornea</span> <span class='ocrx_word' id='word_1_197' title='bbox 1383 2659 1507 2713; x_wconf 91' lang='lat' dir='ltr'>fibra</span> <span class='ocrx_word' id='word_1_198' title='bbox 1531 2660 1617 2712; x_wconf 88' lang='lat' dir='ltr'>est.</span> 
     </span>
     <span class='ocr_line' id='line_1_27' title="bbox 849 2751 1672 2818; baseline 0.002 -15"><span class='ocrx_word' id='word_1_199' title='bbox 849 2751 895 2803; x_wconf 98' lang='lat' dir='ltr'>L</span> <span class='ocrx_word' id='word_1_200' title='bbox 931 2771 958 2818; x_wconf 78' lang='lat'><em>3</em></span> <span class='ocrx_word' id='word_1_201' title='bbox 1577 2753 1672 2814; x_wconf 79' lang='lat' dir='ltr'>Sed</span> 
     </span>
    </p>
   </div>
  </div>
 </body>
</html>
