1941 3363
268 217 357 297 48
643 216 1080 303 JUvENAms
1131 219 1431 280 SATYRA
1473 227 1567 283 VI.

264 362 412 414 Malo
433 361 757 423 Venufinam,
784 382 939 429 quam
957 376 1024 424 te,
1049 365 1283 416 Cornelia
1304 377 1469 418 mater

264 459 632 520 Gracchorum,
652 459 688 511 fi
709 478 830 511 cum
853 463 1049 526 magnis
1072 463 1344 516 virtutibus
1367 463 1512 515 affers

261 562 467 614 Grande
487 560 825 626 supercilium,
849 575 899 614 et
921 581 1153 615 numeras
1175 565 1229 615 in
1250 564 1366 617 dote
1387 563 1695 631 triumphos·

261 659 409 711 Tolle
427 671 595 718 tuum,
610 677 803 724 precor,
815 660 1142 718 Annibalem,
1157 661 1455 729 vidtumque
1468 662 1751 729 Syphacem

259 755 319 806 In
341 754 503 807 castris
521 779 537 815 3
572 767 624 808 et
647 775 769 808 cum
786 769 892 809 tota
914 757 1220 823 Carthagine
1243 759 1422 825 migra.
1691 775 1785 825 170

260 853 432 914 Parce,
455 872 662 920 praecor,
688 855 853 916 Paean,
881 868 931 907 et
955 868 1029 917 tu,
1054 857 1161 917 dea,
1186 876 1318 924 pone
1341 857 1541 923 sagittas
1567 877 1582 910 z

261 949 354 1002 Nil
379 953 523 1017 pueri
547 951 740 1004 faciunt
755 976 772 1013 ;
808 953 969 1019 ipsam
991 954 1231 1020 configite
1254 967 1505 1007 matrem:

256 1047 519 1113 Amphion
545 1050 729 1102 clamat
753 1070 765 1103 :
802 1051 881 1103 sed
903 1053 1048 1103 Paean
1070 1052 1323 1104 contrahit
1347 1070 1541 1104 arcum.

256 1148 458 1199 Extulit
480 1167 599 1214 ergo
623 1168 831 1217 gregem
850 1163 1104 1211 natorum,
1135 1151 1401 1218 ipsumque
1418 1161 1698 1218 parentem,

261 1247 409 1299 Dum
431 1248 518 1300 fibi
539 1250 756 1302 nobilior
778 1251 984 1302 Latonae
1007 1261 1156 1314 gente
1181 1249 1397 1310 videtur,
1695 1264 1749 1314 17
1758 1263 1783 1314 5

262 1350 438 1414 Atque
469 1349 645 1401 eadem
669 1350 826 1402 scrofa
847 1350 1019 1401 Niobe
1042 1349 1326 1401 foecundior
1343 1348 1472 1400 alba.

263 1447 394 1512 Qae
420 1450 543 1499 tanti
566 1449 796 1513 gravitas,
823 1468 937 1516 quae
959 1448 1141 1508 forma,
1166 1461 1224 1500 ut
1239 1447 1286 1499 se
1311 1447 1403 1499 tibi
1427 1448 1620 1513 semper

258 1545 488 1611 Imputet
508 1546 525 1595 ?
560 1547 714 1613 hujus
734 1548 870 1599 enim
895 1548 988 1599 rari
1007 1547 1298 1613 summique
1321 1546 1552 1614 voluptas

261 1642 420 1696 Nulla
434 1644 573 1703 boni,
600 1647 799 1709 quoties
824 1647 995 1697 animo
1014 1657 1250 1710 corrupta
1267 1643 1479 1710 superbo
1696 1659 1786 1709 179

262 1742 381 1794 Plus
408 1743 537 1794 aloes
562 1760 719 1808 quam
746 1743 907 1794 mellis
931 1743 1099 1794 habet.
1143 1743 1273 1814 Qs
1294 1742 1494 1795 deditus
1517 1753 1690 1793 autem

261 1840 435 1907 Usque
454 1841 575 1892 adeo
599 1840 684 1900 est,
706 1854 761 1892 ut
788 1859 886 1891 non
904 1841 1062 1899 illam,
1088 1858 1246 1906 quam
1267 1838 1503 1891 laudibus
1527 1838 1689 1899 effert,

261 1938 498 1998 Horreat‚
534 1940 690 2005 inque
714 1940 850 1990 diem
875 1939 1084 2005 septenis
1108 1939 1271 1990 oderit
1292 1937 1465 1990 horis?

264 2035 513 2105 Qaedam
539 2056 685 2103 parva
709 2037 920 2103 quidem
939 2060 952 2095 ;
989 2036 1070 2088 sed
1097 2055 1199 2088 non
1221 2035 1476 2088 toleranda
1491 2037 1703 2090 maritis·

263 2134 402 2186 Nam
422 2134 546 2200 quid
569 2137 837 2196 rancidius‚
867 2153 1026 2202 quam
1052 2135 1191 2202 quod
1213 2135 1259 2186 se
1283 2153 1384 2187 non
1409 2147 1553 2201 putat
1575 2135 1679 2188 ulla

265 2231 573 2292 Formosam,
604 2233 692 2284 nisi
719 2252 831 2299 quae
853 2233 913 2285 de
935 2234 1102 2285 Tusca
1119 2233 1353 2284 Graecula
1376 2231 1506 2284 faeta
1529 2233 1616 2295 est,
1698 2242 1752 2287 18
1760 2254 1786 2303 5

268 2329 350 2382 De
376 2332 689 2383 Sulmonenfi
713 2350 850 2383 mera
870 2331 1108 2397 Cecropis
1128 2332 1145 2380 ?
1180 2331 1352 2382 omnia
1369 2331 1566 2394 Graece‚

269 2431 403 2482 Cum
429 2432 484 2482 fit
509 2449 651 2497 turpe
677 2434 836 2496 magis
860 2432 1034 2483 nostris
1059 2431 1241 2483 nescire
1258 2431 1454 2482 Latine.

268 2527 386 2595 Hoc
414 2528 635 2578 sermone
659 2520 856 2593 pavent,
892 2526 990 2578 hoc
1014 2527 1156 2585 iram,
1192 2527 1387 2591 gaudia,
1423 2546 1581 2588 curas,

269 2625 387 2677 Hoc
409 2627 587 2677 cunita
609 2624 877 2676 effundunt
902 2624 1057 2674 animi
1079 2624 1275 2675 secreta.
1335 2625 1476 2693 Qd
1500 2626 1663 2677 ultra?

269 2729 632 2784 Concumbunt
658 2728 849 2781 Graece.
910 2729 1082 2781 Dones
1108 2739 1275 2782 tamen
1298 2728 1385 2781 ista
1408 2729 1613 2796 puellis:
1700 2746 1792 2793 190

1637 2826 1792 2878 Tune
