1941 3363
309 210 392 271 16
629 207 1049 295 JUVENALIS
1105 208 1375 272 SATYRA
1409 205 1501 271 111⁴.

296 348 399 400 Res
423 348 572 401 hodie
597 351 761 401 minor
786 351 870 409 est,
896 350 1015 401 here
1040 369 1193 416 quam
1207 351 1321 412 fuit,
1338 371 1394 403 ac
1411 353 1585 404 eadem
1607 368 1714 403 cras

295 445 505 499 Deteret
526 448 720 512 exiguis
744 447 937 513 aliquid
949 471 963 505 3
989 449 1321 513 proponimus
1344 449 1467 500 illuc

293 542 391 603 Ire,
415 543 645 609 fatigatas
668 542 756 593 ubi
779 542 1015 594 Daedalus
1040 544 1178 595 exuit
1202 545 1298 595 alas
1320 564 1332 596 ε
1738 560 1799 609 25

292 638 439 689 Dum
462 656 591 689 nova
608 637 832 698 canities,-
857 638 981 690 dum
1002 640 1184 705 prima,
1201 652 1249 691 et
1267 642 1397 690 recta
1416 639 1653 700 senectUS,

292 734 439 787 Dum
461 735 673 802 superest
694 735 901 787 Lachefi
925 736 1060 801 quod
1085 748 1331 801 torqueat,
1357 748 1407 787 et
1429 738 1641 803 pedibus
1663 747 1748 790 me

291 824 445 884 Porto
465 833 609 892 meis,
633 833 773 884 nullo
798 833 1030 883 dextram
1049 833 1285 884 subeunte
1308 833 1507 885 bacillo.

291 928 544 982 Cedamus
562 931 755 996 patria:
791 931 961 981 vivant
979 931 1215 982 Asturius
1239 930 1366 990 istic,
1475 907 1478 910 Δ

289 1028 360 1078 Et
384 1029 622 1080 Catulus:
647 1040 884 1097 maneant
901 1029 990 1095 qui
1008 1030 1211 1094 nigrum
1229 1030 1281 1080 in
1301 1030 1512 1081 candida
1528 1042 1746 1090 vertunt,

289 1126 448 1192 Qis
470 1125 707 1177 facile-est
731 1126 891 1187 aedem
912 1125 1212 1185 conducere,
1244 1125 1472 1185 flumina,
1504 1139 1697 1192 portus,
1735 1145 1791 1190 31

290 1225 582 1277 Siccandam
600 1225 835 1284 eluviem,
860 1226 1163 1295 portandum
1185 1227 1246 1277 ad
1270 1227 1410 1277 busta
1427 1227 1654 1287 cadaver,

288 1325 359 1374 Et
380 1323 596 1389 praebere
618 1335 768 1390 caput
792 1323 999 1374 domina
1021 1323 1192 1374 venale
1214 1323 1301 1374 sub
1324 1322 1480 1375 hasta.

290 1421 565 1491 Qndam
588 1421 642 1472 hi
664 1423 959 1482 cornicines,
981 1435 1031 1474 et
1054 1421 1369 1488 municipalis
1394 1439 1553 1473 arenae

287 1519 772 1587 Perpetui-comites,
787 1533 1028 1591 'notaeque
1049 1530 1136 1588 per
1163 1519 1346 1586 oppida
1371 1519 1558 1579 buccae,
1736 1539 1762 1585 3
1773 1536 1797 1586 ς

286 1619 507 1670 Munera
526 1637 662 1671 nunc
686 1618 860 1679 edunt,
891 1631 941 1670 et
974 1621 1108 1672 verso
1130 1619 1310 1685 pollice
1333 1620 1471 1685 vulgi

287 1718 585 1786 leibet
601 1718 839 1770 occidunt
858 1718 1187 1785 populariter:
1220 1717 1336 1768 inde
1354 1717 1528 1768 reverfi

287 1817 595 1868 Conducunt
622 1814 818 1868 foricas.
863 1817 933 1867 Et
965 1832 1054 1867 cur
1078 1834 1179 1866 non
1203 1816 1410 1867 omnia?
1448 1816 1585 1867 Cum
1603 1815 1696 1867 fint

287 1916 476 1983 Qales
499 1933 561 1967 ex
581 1914 766 1966 humili
784 1933 967 1980 magna
985 1914 1045 1965 ad
1070 1913 1265 1981 fastigia
1286 1933 1456 1967 rerum

284 2014 515 2090 Extollit,
540 2014 736 2080 quoties
753 2014 910 2065 voluit
927 2015 1152 2066 Fortuna
1165 2013 1341 2081 jocari.
1732 2034 1798 2075 40

287 2091 427 2180 Qd
451 2095 631 2173 Romae
655 2110 870 2163 faciam?
906 2113 1111 2163 mentiri
1133 2111 1322 2163 nescio:
1345 2112 1552 2171 librum,

288 2209 338 2262 Si
362 2209 522 2262 malus
545 2210 631 2270 est,
655 2228 849 2276 nequeo
866 2209 1082 2269 laudare,
1108 2222 1157 2260 et
1180 2210 1404 2276 poscere:
1440 2222 1611 2261 motus

288 2306 550 2358 Astrorum
568 2308 773 2372 ignoro:
810 2307 962 2359 funus
987 2308 1279 2374 promittere
1302 2308 1454 2373 patris

284 2404 399 2456 Nec
423 2405 554 2463 volo,
579 2423 671 2455 nec
685 2404 880 2470 poffum
900 2425 911 2456 ε
948 2423 1181 2456 ranarum
1203 2404 1382 2455 viscera
1405 2421 1689 2469 numquam

287 2504 512 2570 Inspexi:
558 2502 685 2554 ferre
710 2503 771 2554 ad
796 2515 1023 2569 nuptam,
1049 2522 1159 2569 quae
1185 2504 1345 2554 mittit
1371 2503 1576 2562 adulter,
1733 2519 1796 2567 45

285 2599 415 2668 Qae
439 2601 661 2659 mandat,
688 2600 874 2652 norunt
899 2601 1010 2652 alii:
1045 2619 1127 2651 me
1152 2619 1301 2655 nemo
1325 2600 1552 2653 ministro

287 2693 390 2746 Fur
414 2695 505 2748 erit
525 2719 541 2756 5
579 2708 724 2761 atque
749 2695 860 2748 ideo
888 2696 1014 2748 nulli
1039 2714 1211 2748 comes
1236 2715 1375 2756 eer,
1397 2710 1640 2762 tanquam

1637 2790 1794 2843 Man-
