1941 3363
358 189 791 280 JUVENALIS
851 198 1134 261 SATYRA
1183 207 1332 263 XIII.
1531 223 1658 285 129

114 339 327 407 Suspicit
351 342 523 408 exigui
545 342 723 395 laetum
746 343 1056 409 plantaribus
1077 344 1233 399 horti.

112 437 369 491 Curentur
391 440 533 492 dubii
556 442 763 494 medicis
787 441 1059 508 majoribus
1084 447 1227 512 aegri:

111 534 200 590 Tu
222 554 404 589 venam
426 539 504 591 vel
527 538 769 606 discipulo
793 543 1060 593 committe
1084 542 1321 611 Philippi.
1547 564 1570 599 ι
1584 565 1607 599 2
1616 563 1642 613 5

110 630 163 684 Si
191 634 391 688 nullum
416 637 470 688 in
496 639 636 689 terris
657 650 762 690 tam
785 638 1068 692 detestabile
1090 641 1284 694 fac'cum

110 731 364 794 OstendiS,
402 747 558 795 taceo,
594 753 687 787 nec
712 737 895 802 pugnis
920 738 1107 789 caedere
1131 742 1307 805 pectus

108 826 191 881 Te
214 844 346 891 vet0‚
381 849 474 884 nec
495 831 643 898 plana
665 832 850 885 faciem
875 835 1185 886 contundere
1210 838 1375 902 palma
1395 857 1409 890 :

110 929 544 997 Qndoquidem
569 943 776 995 accepto
797 929 1072 982 claudenda
1096 933 1165 983 est
1182 931 1337 999 janua
1364 935 1568 996 damno,

108 1027 180 1078 Et
195 1027 390 1095 majore
414 1028 597 1080 domus
621 1030 837 1094 gemitu,
874 1028 1062 1096 majore
1085 1033 1313 1083 tumultu
1547 1053 1638 1099 130

107 1124 421 1190 Planguntur
445 1127 666 1186 nummi,
702 1144 857 1192 quam
882 1125 1074 1178 funera.
1143 1127 1317 1180 Nemo
1342 1128 1569 1182 dolorem

106 1222 283 1287 Fingit
304 1223 357 1273 in
379 1220 479 1274 hoc
501 1222 632 1281 casu,
667 1223 855 1273 vestem
879 1223 1112 1275 diducere
1135 1224 1393 1277 summam

106 1318 408 1377 ContentuS,
442 1334 618 1370 vexare
638 1316 812 1368 oculos
834 1316 1052 1369 humore
1074 1321 1268 1372 maclo-
1309 1378 1313 1382 ,

108 1419 342 1470 Ploratur
362 1415 596 1482 lacrymis
621 1414 792 1467 amiffa
814 1417 1028 1482 pecunia
1050 1418 1196 1470 veris.

106 1511 202 1568 Sed
227 1514 262 1565 s1
283 1515 464 1565 cundia
487 1510 624 1563 vides
647 1510 794 1562 simili
815 1509 924 1562 fora
946 1511 1095 1578 plena
1115 1513 1340 1579 querela3
1542 1531 1598 1584 13
1608 1533 1634 1586 5

109 1611 160 1661 Si
186 1609 346 1661 decies
368 1608 508 1658 leolis
532 1606 715 1657 diversa
739 1606 790 1655 in
815 1618 954 1671 parte
978 1607 1192 1668 tabellis,

108 1706 252 1757 Vana
277 1703 567 1769 supervacui
592 1693 769 1763 dicunt
791 1700 1126 1767 chirographa
1147 1703 1290 1769 ligni,

107 1801 295 1865 Arguit
316 1797 539 1866 ipsorum
563 1779 688 1863 quos
711 1797 870 1857 litera,
907 1816 1214 1865 gemmaque
1236 1801 1472 1871 princeps

106 1896 507 1963 Sardonychum,
540 1895 716 1947 loculis
738 1912 852 1961 quae
875 1896 1153 1949 custoditur
1175 1898 1376 1952 eburnis
1391 1920 1407 1952 ;

106 1996 236 2063 Ten’
261 1996 291 2047 ὂ
315 1995 516 2046 delicias
538 2006 676 2044 extra
698 1995 995 2045 communia
1016 1994 1183 2046 censes
1541 2016 1638 2062 140

106 2092 435 2150 Ponendum5
472 2090 590 2157 quia
614 2103 670 2141 tu
695 2091 889 2156 gallinae
910 2091 1042 2143 filius
1067 2092 1209 2152 albae,

105 2190 218 2242 Nos
240 2189 360 2241 viles
384 2188 531 2254 pulli,
561 2188 666 2239 nati
689 2188 974 2240 infelicibus
995 2190 1135 2240 ovis?

104 2285 241 2338 Rem
263 2285 444 2351 pateris
468 2284 740 2344 modicam,
776 2297 826 2337 et
849 2285 1094 2337 mediocri
1117 2287 1217 2339 bile
1240 2287 1517 2351 ferendam,
1574 2300 1592 2305 “
1638 2288 1640 2290 ’

108 2384 160 2435 Si
185 2381 348 2433 {lechis
373 2381 544 2433 oculos
568 2379 756 2447 majora
780 2382 841 2433 ad
862 2382 1101 2434 crimina:
1139 2384 1314 2436 confer

107 2480 435 2533 Condudmm
455 2479 719 2539 latronem,
755 2480 982 2531 incendia
1005 2480 1243 2547 sulphure
1267 2496 1450 2550 coepta,
1539 2506 1597 2548 14
1605 2503 1629 2554 ς

107 2580 280 2642 Atque
305 2577 437 2637 dolo,
473 2578 662 2643 primos
686 2576 979 2644 cumjanua
1000 2579 1195 2644 colligit
1216 2581 1382 2644 ignes:

107 2672 299 2725 Confer
323 2686 371 2725 et
395 2673 505 2734 hos,
540 2675 716 2726 veteris
741 2674 829 2741 qui
855 2674 1036 2726 tollunt
1061 2675 1267 2739 grandia
1292 2678 1472 2742 templi

832 2771 856 2822 I
1531 2775 1638 2828 Po·-
