1941 3363
259 236 345 320 76
623 231 1059 318 JUVENALxs
1123 230 1424 291 SATYRA
1466 238 1587 292 VII.

253 384 304 435 Si
325 381 458 435 volet
479 381 586 433 haec
609 381 800 440 eadem,
835 379 921 431 fies
944 379 1006 430 de
1026 379 1224 430 consule
1250 377 1438 429 rhetor.

256 479 523 531 Ventidius
547 477 671 544 quid
695 476 866 528 enim?
891 476 1014 542 quid
1037 476 1270 527 Tullius?
1297 494 1424 527 anne
1450 473 1583 525 aliud
1607 487 1763 539 quam

257 575 420 634 Sidus,
455 586 506 626 et
528 572 714 624 occulti
737 572 964 624 miranda
985 572 1210 638 potentia
1231 570 1356 622 fati?
1671 583 1766 618 200

258 671 415 723 Servis
441 686 594 735 regna
615 668 823 728 dabunt,
859 668 1064 734 captivis
1087 666 1190 718 fata
1211 666 1516 732 triumpho&

256 766 401 820 Felix
422 764 506 816 ille
528 776 717 823 tamen,
744 779 894 814 corvo
916 779 1119 828 quoque
1144 761 1296 812 rarior
1320 759 1450 811 albo.

256 864 502 917 Poenituit
526 861 713 914 multos
736 879 873 912 vanae
899 859 1168 925 sterilisque
1190 857 1457 917 cathed'rae,

256 964 395 1015 Sicut
418 959 783 1026 Thrasymachi
805 959 983 1025 probat
1007 958 1187 1016 exitus-3,
1222 969 1371 1022 atque
1395 954 1611 1007 Secundi

260 1060 532 1113 Carrinatis
559 1079 571 1112 :
609 1071 660 1111 et
681 1058 820 1110 hunc
841 1057 1046 1123 inopem
1071 1054 1272 1114 vidistis,
1308 1053 1540 1113 Athenae,
1676 1065 1767 1116 205

257 1153 352 1207 Nil
376 1165 554 1220 praeter
576 1152 762 1219 gelidas
788 1149 910 1201 ausae
935 1147 1161 1200 conferre
1185 1148 1389 1200 cicutaS.

258 1248 335 1301 Di
356 1247 608 1315 majorum
634 1248 826 1300 umbris
851 1260 1057 1299 tenuem
1079 1258 1130 1297 et
1153 1246 1254 1296 fine
1276 1244 1495 1312 pondere
1520 1255 1722 1304 terram,

261 1343 610 1410 Spirantesque
634 1360 826 1402 croco5,
853 1354 902 1393 et
926 1341 979 1393 in
1000 1358 1125 1393 urna
1147 1353 1449 1406 perpetuum
1469 1358 1571 1401 ver,

262 1440 372 1508 Q
392 1450 752 1505 praeceptorem
775 1437 928 1488 sancti
950 1435 1149 1487 voluere
1171 1435 1389 1500 parentis

259 1533 375 1585 Effe
399 1532 530 1584 loco·
598 1531 840 1583 Metuens
865 1525 1137 1594 virgaejam
1159 1527 1358 1592 grandis
1382 1526 1608 1580 Achilles
1679 1546 1773 1580 210

263 1625 513 1678 Cantabat
536 1625 706 1692 patriis
729 1624 784 1675 in
806 1623 1095 1680 montibu83
1131 1633 1180 1672 et
1202 1621 1285 1672 cui
1307 1639 1410 1672 non
1433 1634 1556 1674 tunc

262 1720 482 1772 Eliceret
506 1718 659 1770 risum
678 1716 941 1769 citharoedi
967 1716 1123 1767 cauda
1145 1715 1403 1780 magistri?

265 1814 360 1865 Sed
386 1812 603 1865 Ruffum
628 1823 778 1878 atque
800 1811 920 1862 alios
944 1809 1089 1861 caedit
1110 1810 1192 1861 sua
1213 1829 1424 1877 quaeque
1438 1809 1710 1879 juventus:

263 1907 500 1966 Ruffum,
537 1906 626 1972 qui
651 1905 796 1957 toties
823 1904 1122 1956 Ciceronem
1146 1903 1423 1971 Allobroga
1447 1906 1590 1958 dixit.

266 2003 394 2073 Qs
426 2001 619 2066 gremio
644 1999 902 2059 Enceladi,
936 1998 1170 2064 doctique
1193 1998 1488 2051 Palaemonis
1511 2000 1670 2062 affert,
1689 2020 1743 2053 21
1754 2019 1780 2070 ς

264 2101 529 2169 Qantum
547 2095 904 2162 grammaticus
922 2095 1106 2146 meruit
1124 2094 1300 2146 labor?
1323 2107 1556 2148 ettamen
1579 2116 1641 2149 ex
1662 2098 1783 2162 hoe,

266 2195 645 2264 Qdcumque
661 2192 748 2253 est,
771 2192 940 2243 minus
957 2190 1026 2242 est
1043 2202 1211 2242 autem
1237 2208 1391 2257 quam
1408 2190 1618 2245 rhetoris
1644 2212 1755 2255 aera,

268 2292 517 2358 Discipuli
542 2291 702 2343 custos
727 2290 1028 2357 praemordet
1051 2291 1316 2342 Acoenitus
1340 2291 1457 2357 ipse,

263 2391 335 2442 Et
358 2389 447 2455 qui
468 2387 728 2454 dispensat,
762 2386 951 2452 frangit
974 2386 1078 2437 fibi.
1147 2385 1302 2445 Cede,
1336 2387 1608 2447 Palaemon,

267 2487 338 2538 Et
357 2498 525 2552 patere
548 2484 665 2536 inde
687 2483 875 2549 aliquid
898 2482 1190 2542 decrescere,
1225 2501 1327 2534 non
1354 2484 1509 2543 aliter,
1530 2502 1684 2550 quam

269 2581 471 2633 Institor
495 2579 731 2646 hybernae
757 2580 951 2644 tegetiS,
987 2579 1216 2644 niveique
1238 2579 1435 2631 cadurci
1455 2599 1466 2630 ε
1688 2600 1776 2635 221

269 2678 570 2733 Dummodo
594 2694 695 2729 non
718 2689 903 2744 pereat,
940 2675 1117 2728 mediae
1139 2677 1275 2744 quod
1298 2677 1456 2732 nostis
1479 2677 1541 2732 ab
1564 2676 1688 2736 hora

1693 2774 1783 2830 Se·-

1938 345 1941 504 l
