1941 3363
404 215 1006 271 TABULARUM
1055 213 1652 272 EXPLICATIO.

313 337 373 389 F.
402 358 446 390 2.
472 337 672 390 Teffera
694 336 1042 395 frumentaria,
1066 336 1282 399 fignum,
1315 355 1417 402 quo
1440 337 1686 398 exhibito,
1705 357 1768 391 u*

377 425 679 492 nusquisque
710 424 1029 475 frumentum
1064 441 1155 488 pro
1176 424 1409 489 portione
1432 426 1705 491 accipiebat
1739 445 1768 478 a

378 514 622 581 principe.
664 511 787 560 Erat
819 520 991 560 autem
1015 507 1185 559 teffera
1219 506 1492 574 hospitalis.
1535 512 1765 565 Gronov.

378 603 544 652 Graec.
572 600 696 649 Ant.
724 608 850 648 torn.
879 615 924 661 9.
954 597 1151 662 Spe&at
1175 596 1275 646 Sat.
1296 613 1339 660 5.
1359 599 1411 651 ψ.
1440 613 1519 662 74.

311 695 371 746 F.
394 711 440 757 3.
483 690 672 755 Figura
720 687 865 754 pueri
918 686 1097 752 strigili
1157 685 1409 739 lavantem
1465 687 1765 754 abstergens,

374 778 669 833 Montfauc.
694 780 880 829 tom.6.
951 776 1149 841 Spee'cat
1173 776 1273 826 Sat.
1298 793 1340 841 5.
1365 777 1418 831 ψ.
1452 780 1559 828 126.

308 871 369 923 F.
392 889 439 930 4.
467 865 750 929 Imaginem
783 863 837 913 in
869 880 1016 927 prora
1044 862 1180 912 navis
1212 861 1513 914 delineatam
1539 862 1762 922 exhibet,

371 953 514 1021 cujus
551 950 801 1003 distinetio
840 949 954 1000 navi
994 967 1184 1000 nomen
1222 949 1444 1001 indebat.
1516 950 1761 1002 Column.

373 1040 580 1109 Trajan.
649 1039 847 1105 Spedtat
871 1039 970 1088 Sat.
999 1041 1048 1087 6.
1071 1038 1124 1091 ᾧ.
1147 1055 1227 1102 30.
1274 1038 1352 1089 Sic
1374 1038 1557 1101 Virgil.
1654 1084 1658 1086 ,

441 1162 492 1171 —-
519 1141 694 1182 aurato
702 1126 929 1193 fulgebat
952 1126 1190 1192 Apolline
1228 1126 1416 1192 puppis.

498 1219 586 1269 Et.
606 1217 690 1268 Sil.
711 1216 821 1268 Ital.

373 1311 564 1364 Numen
581 1318 689 1358 erat
710 1305 838 1369 celsae
855 1297 1029 1370 puppis
1050 1304 1210 1355 vicina
1233 1304 1419 1356 Dione.

374 1408 527 1461 atque
566 1395 635 1445 ita
672 1392 783 1443 navi
820 1390 1172 1443 Alexandrinae
1216 1408 1316 1455 qua
1368 1392 1438 1442 D.
1465 1389 1651 1443 Paulus
1697 1407 1760 1442 ex

374 1480 529 1532 insula
568 1478 819 1543 Mytilene
856 1475 1145 1542 Syracusam
1184 1474 1475 1536 vehebatur,
1518 1477 1762 1540 Castorum

375 1570 562 1634 insigne
587 1579 707 1620 erat.
747 1568 863 1619 Aa.
892 1564 1066 1633 Apost.
1093 1566 1220 1632 Cap.
1245 1571 1322 1618 28.
1348 1584 1482 1618 com.
1514 1584 1590 1618 12.

1455 2150 1757 2214 D.JUN11
