1941 3363
594 187 854 249 PERsn
906 186 1178 247 SATYRA
1227 195 1294 247 V.
1601 188 1723 268 183

171 330 300 385 Haec
325 349 463 383 mera
484 332 704 393 libertaS,
727 332 858 384 hanc
882 332 1026 384 nobis
1050 332 1180 399 pilea
1203 331 1412 383 donant.

171 429 257 478 An
285 427 551 493 quisquam
576 428 644 478 est
669 428 790 480 alius
815 428 957 487 liber,
985 428 1070 478 nis1
1096 428 1279 478 ducere
1300 427 1458 477 vitam

172 519 272 570 Cui
294 520 428 581 licet,
454 533 510 572 ut
532 522 690 573 voluit
711 522 727 572 ?
762 522 879 573 licet
902 535 957 573 ut
981 523 1094 573 volo
1118 523 1309 574 vivere:
1346 539 1449 573 non
1472 519 1584 572 sum

170 621 402 673 Liberior
425 623 617 674 Bruto?
643 622 876 674 mendose
902 623 1112 687 colligis,
1138 623 1307 688 inquit
1637 629 1696 691 85

172 719 373 771 Stoicus
401 720 503 781 hic,
529 740 702 773 aurem
725 721 951 772 mordaci
975 720 1109 771 lotus
1134 732 1293 771 aceto.

172 818 301 870 Haec
326 820 519 886 reliqua
543 821 736 886 accipio
745 843 759 878 3
787 819 906 870 licet
930 818 1071 878 illud,
1098 831 1164 878 et,
1191 831 1247 869 ut
1271 819 1403 879 volo,
1431 820 1568 872 tolle.

171 915 410 967 Vindicta
433 917 698 983 postquam
725 934 868 968 meus
896 935 923 966 a
946 929 1156 981 praetore
1183 916 1365 976 receffi,

170 1014 280 1065 Cur
304 1012 435 1078 mihi
461 1032 563 1064 non
586 1014 749 1072 liccat,
772 1011 912 1078 juffit
936 1013 1277 1080 quodcunque
1300 1014 1546 1076 voluntaS‚

171 1110 406 1177 Excepto
429 1111 590 1178 fiquid
614 1110 806 1162 Masuri
832 1110 1028 1162 rubrica
1051 1111 1271 1162 vetavit?
1636 1131 1718 1179 90·

171 1208 324 1261 Disce
337 1232 352 1268 3
389 1209 470 1260 sed
492 1209 565 1259 ira
588 1208 734 1260 cadat
758 1208 892 1268 nas0‚
917 1207 1192 1274 rugosaque
1213 1208 1378 1267 sanna,

173 1305 320 1357 Dum
343 1318 531 1357 veteres
555 1307 685 1358 avias
709 1307 802 1358 tibi
823 1306 883 1357 de
909 1306 1154 1372 pulmone
1176 1307 1376 1359 revello.

171 1399 296 1451 Non
322 1402 549 1469 praetoris
573 1414 675 1453 erat
703 1402 861 1454 stultis
886 1401 1002 1453 dare
1027 1403 1197 1454 tenuia
1222 1422 1391 1456 rerum

172 1498 373 1560 Officia,
400 1512 551 1567 atque
575 1500 721 1552 usum
747 1500 929 1566 rapidae
954 1502 1245 1567 permittere
1270 1502 1402 1554 vitae.

172 1598 480 1649 Sambucam
504 1600 653 1651 citius
679 1600 839 1652 caloni
863 1601 1103 1666 aptaveris
1128 1601 1245 1652 alto.
1635 1621 1663 1668 9
1671 1621 1698 1670 5

173 1694 280 1744 Stat
303 1705 476 1743 contra
500 1694 642 1753 ratio,
668 1707 718 1745 et
741 1694 975 1745 secretam
1002 1695 1155 1759 garrit
1178 1695 1229 1745 in
1256 1713 1445 1754 aurem,

172 1789 258 1840 Ne
280 1789 430 1840 liceat
457 1788 619 1840 facere
642 1789 711 1848 id,
739 1789 875 1855 quod
899 1789 1010 1855 quis
1037 1790 1233 1842 vitiabit
1258 1793 1469 1857 agendo.

174 1888 387 1939 Publica
407 1889 490 1939 lex
515 1887 789 1939 hominum
813 1901 1090 1955 naturaque
1114 1892 1339 1961 continet
1363 1890 1461 1943 hoc
1485 1890 1577 1952 faS‚

176 1988 251 2039 Ut
275 2000 442 2039 teneat
467 1990 646 2040 vetitos
669 1989 860 2040 inscitia
883 1989 1060 2040 debilis
1085 1992 1238 2041 actus.

173 2082 344 2133 Diluis
368 2081 705 2143 helleborum,
732 2095 870 2134 certo
896 2083 1208 2149 compescere
1233 2087 1423 2149 puncto
1607 2105 1698 2139 100

175 2174 389 2227 Nescius
413 2194 626 2227 examen
640 2200 655 2235 3
691 2188 826 2229 vetat
850 2176 948 2228 hoc
973 2189 1150 2228 natura
1172 2177 1424 2231 medendi.

173 2270 368 2323 Navim
388 2272 423 2323 fi
447 2272 614 2338 poscat
635 2273 724 2324 fibi
750 2286 1017 2340 peronatus
1044 2287 1204 2325 arator

176 2367 402 2419 Luciferi
425 2370 577 2429 rudis,
605 2369 852 2421 exclamet
877 2370 1157 2429 Melicerta,
1186 2369 1357 2436 periffe

175 2464 424 2518 Frontem
451 2465 513 2517 de
537 2466 700 2518 rebus.
769 2467 892 2518 Tibi
916 2469 1050 2518 recto
1076 2468 1240 2517 vivere
1265 2467 1365 2518 talo

177 2566 275 2616 Ars
301 2565 468 2617 dedit?
503 2580 553 2618 et
576 2568 678 2619 veri
702 2567 918 2632 speciem
943 2567 1233 2632 dignoscere
1259 2567 1424 2626 calles,
1611 2587 1668 2619 10
1673 2587 1699 2635 5

176 2662 262 2716 Ne
285 2683 385 2730 qua
410 2665 650 2719 subaerato
677 2665 977 2718 mendosum
1003 2665 1184 2718 tinniat
1211 2667 1362 2718 auro?

888 2764 953 2816 M
979 2745 1020 2827 *4
1470 2766 1703 2835 Qaeque
