1941 3363
256 249 328 296 21
342 249 382 294 Ο
813 225 878 286 N
927 219 989 287 O
1035 222 1094 287 T
1143 219 1240 288 AEs

288 371 429 444 Qcod
447 380 577 423 tutos
598 366 740 422 etiam
747 364 886 433 facit
907 386 940 420 a
952 367 1262 434 serpentibus
1282 362 1458 434 Afros,

289 472 504 534 Propter
511 465 634 532 quod
635 468 799 518 Romae
807 483 911 517 cum
919 467 1131 539 Boccare
1137 483 1266 517 nemo
1281 465 1502 520 lavatur.
1514 460 1783 532 Rigaltiuss'

335 585 354 616 1
369 584 386 615 1
399 583 442 615 2.
482 564 550 615 Ut
583 580 733 614 ccenes
765 562 988 618 civiliter.
1052 564 1259 616 Caenare
1291 560 1499 614 civiliter
1535 562 1624 623 est,
1663 579 1787 613 cum

260 664 399 717 idem
420 678 598 712 omnes
620 671 839 713 coenant.
910 661 1102 724 Grang.

334 777 441 810 120.
479 759 773 810 Strubi‘orem
796 757 995 809 interea.
1066 757 1291 808 Strue'cor
1314 754 1384 806 est
1406 750 1507 816 ille,
1532 766 1591 807 ut
1623 765 1790 807 narrat

265 855 539 916 Petronius,
577 857 665 922 qui
712 854 903 906 fercula
947 854 1128 906 mensis
1168 853 1441 906 commode
1479 853 1697 920 disponit
1739 864 1790 906 et

265 948 498 1013 collocat.
1730 1016 1733 1018 -

339 1064 448 1098 122.
490 1046 703 1099 Dib'laz‘a
744 1043 975 1109 magistri.
1034 1041 1158 1110 Ejus
1203 1043 1293 1110 qui
1338 1038 1553 1096 modum
1597 1030 1794 1116 secandi

267 1142 405 1196 cibos
431 1140 687 1194 edocebat.

341 1257 452 1305 127.
489 1237 738 1305 Tanquam
762 1236 935 1290 habens
958 1235 1060 1288 fria
1084 1235 1289 1290 nomina.
1359 1233 1637 1301 Tanquam
1662 1246 1713 1288 et
1736 1246 1793 1288 tu

272 1338 331 1390 fis
354 1338 556 1390 nobilis.
629 1338 733 1389 Vet.
761 1334 914 1387 Schol.

344 1450 451 1499 153.
502 1432 579 1485 ‘Tu
598 1430 760 1496 scabie
776 1428 970 1495 frueris
1004 1428 1131 1480 mali.
1201 1428 1425 1480 Pomum
1459 1427 1554 1481 tibi
1591 1421 1796 1482 dabitur

274 1529 548 1583 scabiosum
583 1530 729 1596 quale
765 1527 987 1579 comedit
1023 1525 1168 1579 miles
1204 1525 1257 1577 in
1292 1543 1491 1593 aggere,
1533 1525 1799 1598 deficiente·

272 1629 419 1695 copia
440 1640 774 1691 commeatus,

348 1741 456 1790 154.
491 1724 595 1794 Qi
618 1723 804 1788 tegitur
829 1733 1027 1790 parma.
1079 1718 1378 1788 Periphrafis
1401 1719 1471 1772 est
1485 1719 1677 1787 pedz'ttlss
1703 1740 1795 1774 cu·

266 1818 351 1887 jus
373 1837 511 1872 arma
533 1819 645 1871 sunt
659 1829 838 1885 parma
862 1829 912 1869 et
931 1818 1087 1882 galea.

349 1932 457 1981 155.
492 1914 577 1968 Ab
608 1915 796 1980 hirstcta
822 1914 1016 1981 capella.
1059 1914 1219 1966 Hunc
1245 1913 1421 1966 locum
1445 1912 1589 1966 variis
1612 1914 1797 1981 exponi

276 2013 442 2066 modis
476 2032 580 2065 non
613 2013 809 2078 ignoro,
879 2013 986 2066 Alii
1015 2012 1181 2064 aliud:
1229 2029 1325 2078 ego
1357 2031 1477 2064 vero
1504 2029 1705 2079 expono
1735 2011 1799 2064 ab

275 2110 463 2176 lzirfitta
492 2110 671 2176 capella
706 2109 768 2161 ab
801 2109 994 2162 hirsuto
1026 2111 1354 2170 Centurione,
1389 2128 1544 2176 quem
1569 2109 1684 2162 ideo
1713 2128 1798 2162 ca-

270 2206 444 2272 pellam
467 2205 700 2273 appellat,
730 2205 867 2272 quod
890 2206 1244 2266 Centuriones,
1276 2219 1334 2258 ut
1355 2205 1588 2258 homines
1611 2205 1801 2259 robusti

279 2314 389 2355 toto
420 2302 524 2353 fere
556 2319 764 2368 corpore
795 2301 970 2353 hirsuti
1003 2302 1118 2365 sint,
1156 2302 1369 2355 odorem
1399 2300 1658 2355 hircinum
1689 2300 1798 2355 ole-

279 2410 382 2448 ant.
428 2396 628 2449 Britan.

352 2509 459 2556 170.
497 2492 671 2545 Omnia
685 2490 833 2558 serre
844 2493 898 2554 fi
911 2502 1061 2558 potes,
1088 2506 1136 2546 et
1167 2491 1313 2547 debes.
1384 2494 1583 2561 Copula
1609 2492 1694 2546 hie
1719 2492 1800 2546 lo·

280 2605 401 2639 cum
435 2604 539 2638 non
571 2586 750 2640 habet:
796 2587 1037 2640 sententia
1074 2589 1301 2656 postulat⁴
1323 2599 1382 2642 ut
1414 2588 1612 2650 scribaS,
1647 2589 1801 2647 onmia

263 2680 413 2747 serre
426 2681 635 2748 fipotes,
659 2694 714 2737 ut
737 2681 882 2738 debes.
953 2684 1128 2739 Graev.

1544 2800 1652 2850 ¹71·
1676 2782 1798 2839 Pul-2
