1941 3363
276 266 404 329 190
671 243 935 303 PERsn
994 241 1281 304 SATYRA
1322 254 1417 306 VI.

267 391 519 457 Pingitur.
554 388 640 438 An
666 384 861 436 renuis?
886 385 984 436 vin’
1007 397 1063 435 tu
1088 385 1305 451 gaudere
1328 387 1542 439 relictis?

264 488 417 545 Deest
441 484 629 551 aliquid
652 482 878 534 summae.
915 482 1088 533 Minui
1112 482 1242 534 mihi
1255 507 1271 542 ς
1298 483 1379 534 sed
1403 485 1493 535 tibi
1518 498 1683 540 totum
1701 488 1788 552 est,

261 584 524 658 chuid
541 582 592 633 id
609 580 694 632 est.
720 580 826 630 Ubi
844 579 918 639 sit,
938 577 1059 644 fuge
1078 598 1314 645 quaerere,
1342 582 1480 646 quod
1497 582 1626 634 mihi
1648 604 1817 651 quon-

261 688 478 752 Legarat
500 679 711 738 Tadius,
737 696 836 728 neu
862 677 993 727 dieta
1017 695 1201 743 repone
1226 691 1445 743 paterna.
1643 682 1788 745 [dam

259 781 487 836 Foenoris
512 776 712 830 accedat
738 793 927 828 merces
935 799 951 835 ,ς
976 775 1097 827 hinc
1123 777 1289 828 exime
1312 776 1562 843 sumptus,

261 883 403 953 Qd
418 881 672 946 reliquum
687 876 778 928 est?
793 875 1070 942 reliquum?
1086 894 1223 928 nunc
1237 896 1373 930 nunc
1384 879 1652 945 impensius
1664 900 1814 948 unge,

257 983 427 1048 Unge,
451 996 592 1045 puer,
620 975 803 1034 caules.
832 972 971 1024 Mihi
995 971 1117 1024 festa
1136 973 1248 1024 luce
1273 988 1524 1041 coquatur

254 1079 449 1137 Ustica,
476 1089 525 1127 et
548 1073 651 1126 fiffa
671 1072 931 1124 fumosum
955 1070 1167 1137 sinciput
1190 1089 1326 1131 aure,
1720 1093 1784 1141 70

250 1179 327 1230 Ut
352 1191 469 1229 tuus
493 1175 580 1226 iste
603 1190 760 1239 nepos
786 1170 912 1221 olim
939 1169 1069 1220 satur
1092 1168 1269 1220 anseris
1294 1170 1443 1230 extIS,

253 1276 393 1326 Cum
417 1271 613 1325 morosa
638 1287 764 1334 vago
787 1250 1040 1332 singultiet
1061 1262 1269 1331 inguine
1292 1284 1434 1327 vena,

249 1372 477 1424 Patriciae
498 1370 732 1420 imme'i‘at
756 1364 944 1417 vulvae?
972 1362 1101 1414 mihi
1127 1376 1285 1414 trama
1306 1363 1479 1428 figurae

252 1470 327 1521 Sit
350 1468 539 1533 reliqua
559 1485 569 1516 :
597 1463 665 1515 ast
687 1462 760 1514 illi
786 1472 968 1513 tremat
991 1471 1198 1511 omento
1224 1478 1358 1526 popa
1380 1461 1586 1512 venter?
1712 1481 1775 1530 74

247 1565 425 1617 Vende
450 1564 674 1615 animam
696 1560 855 1618 hiero,
882 1575 1103 1608 mercare
1117 1581 1132 1616 3
1161 1569 1313 1623 atque
1337 1571 1516 1610 excute
1540 1558 1685 1614 solers

249 1664 420 1713 Omne
442 1660 571 1711 latus
596 1655 793 1715 mundi,
821 1671 884 1704 ne
907 1654 964 1705 sit
991 1651 1300 1716 praestantior
1324 1652 1446 1703 alter

247 1758 571 1825 Cappadocas
596 1753 756 1819 rigida
778 1752 988 1819 pingues
1013 1748 1235 1816 plausisse
1259 1748 1454 1801 catasta.

243 1860 379 1909 Rem
408 1855 622 1920 duplica.
653 1850 771 1902 Feci
788 1874 802 1908 3
820 1848 930 1915 jam
955 1847 1152 1913 triplex,
1172 1845 1283 1913 jam
1301 1846 1430 1897 mihi
1453 1862 1648 1912 quarto,

243 1960 359 2024 Jam
384 1956 560 2012 decies,
585 1952 711 2003 redit
736 1951 786 2000 in
813 1965 1006 2012 rugam.
1033 1947 1269 2011 Depinge
1294 1945 1380 1998 ubi
1407 1945 1587 2007 fistam,

242 2054 318 2107 111¹»
337 2066 500 2110 emm,
529 2047 824 2113 Chryfippe,
854 2043 926 2094 tui
952 2042 1122 2093 finitor
1148 2043 1323 2092 acervi.
1703 2048 1766 2093 80

791 2449 1235 2520 FINIS.
