1941 3363
258 204 340 286 38
619 207 1042 292 JUVENAms
1106 211 1488 275 SATYRAV.

244 347 442 400 Mullus
463 350 555 401 erit
575 351 801 412 dominO,
827 371 981 419 quem
1005 355 1138 407 mifit
1166 357 1380 419 Corfica,
1404 359 1481 410 vel
1505 375 1659 426 quem
1738 365 1746 369 ”

245 442 674 499 Taurominitanae
698 467 864 515 rupes,
883 452 1085 516 quando
1101 470 1254 504 omne
1274 457 1536 522 peractum
1558 455 1647 514 est,

241 542 438 611 Etjam
461 546 642 598 defecit
669 548 895 600 nostrum
919 567 1056 600 mare
1074 573 1089 608 ;
1125 550 1251 603 dum
1275 553 1393 616 gula
1417 554 1566 614 saevit,

239 639 454 693 Retibus
473 644 666 696 affiduis
692 645 891 711 penitus
914 645 1161 699 scrutante
1178 648 1391 701 macello
1694 667 1723 715 9
1728 667 1754 717 5

237 735 506 800 Proxima5
543 759 635 791 nec
657 741 846 806 patitur
867 741 1194 807 Tyrrhenum
1217 744 1429 796 crescere
1456 744 1661 812 piscem.

236 835 442 889 Instruit
463 857 580 905 ergo
601 838 776 909 focum
802 841 1085 906 provincia:
1121 842 1331 894 sumitur
1360 843 1499 894 illinc

236 936 391 1007 Qd
414 949 639 1003 captator
661 950 795 989 emat
817 940 996 1000 LenaS,
1021 940 1226 991 Aurelia
1245 941 1441 993 vendat.

234 1033 441 1086 Virroni
466 1052 689 1085 muraena
713 1035 876 1097 datur,
903 1055 1014 1104 quae
1035 1037 1259 1088 maxima
1278 1039 1418 1089 venit

232 1133 454 1197 Gurgite
478 1132 538 1183 de
562 1133 729 1184 Siculo
752 1152 764 1185 ε
800 1151 938 1194 nam,
966 1133 1092 1185 dum
1116 1133 1163 1184 se
1188 1135 1414 1187 continet
1432 1134 1629 1193 Auster,
1662 1139 1752 1185 100

230 1232 378 1283 Dum
404 1231 552 1292 sedet,
581 1245 631 1283 et
656 1232 802 1284 ficcat
833 1231 1059 1291 madidas
1083 1232 1136 1283 in
1159 1251 1354 1283 carcere
1383 1250 1589 1299 pennas,

228 1329 583 1380 Contemnunt
604 1329 825 1381 mediam
846 1329 1108 1382 temeraria
1129 1329 1230 1380 lina
1253 1328 1583 1396 Charybdim.

226 1429 333 1480 Vos
358 1430 577 1495 anguilla
600 1442 772 1481 manet
786 1430 951 1496 longae
974 1442 1185 1495 cognata
1202 1429 1437 1489 colubrae‚

225 1527 335 1577 Aut
361 1525 517 1590 glacie
542 1526 752 1592 aspersus
780 1527 988 1578 maculis
1009 1526 1303 1585 TiberinuS,
1328 1525 1498 1592 etipse

221 1621 446 1673 Vernula
468 1623 690 1688 riparum
716 1623 916 1689 pinguis
939 1635 1155 1675 torrente
1177 1623 1364 1683 cloaca,
1654 1640 1711 1672 10
1717 1641 1741 1687 5

220 1723 294 1774 Et
317 1722 484 1774 solitus
510 1722 685 1774 mediae
703 1735 933 1788 cryptam
957 1736 1214 1789 penetrare
1239 1722 1462 1773 Suburae.

219 1821 319 1887 Ipfi
341 1840 499 1887 pauca
522 1822 691 1880 velim,
715 1820 916 1872 facilem
940 1822 973 1872 fi
996 1822 1210 1888 praebeat
1244 1838 1446 1872 aurem:

218 1919 394 1972 Nemo
415 1921 561 1988 petit,
580 1920 789 1972 modicis
815 1938 925 1987 quae
944 1921 1276 1972 mittebantur
1298 1919 1473 1972 amicis

219 2022 267 2072 A
290 2022 475 2071 Seneca
497 2043 512 2078 ς
550 2038 662 2086 quae
685 2019 795 2070 Piso
819 2019 997 2079 bonus,
1025 2034 1137 2085 quae
1163 2021 1318 2071 Cotta
1335 2018 1523 2070 solebat

215 2119 412 2183 Largiri
439 2138 449 2169 ε
487 2135 707 2184 namque
733 2129 782 2168 et
805 2117 980 2177 titulis,
1007 2130 1058 2168 et
1081 2116 1296 2168 fascibus
1323 2116 1450 2168 olim
1646 2133 1736 2165 110

213 2217 384 2285 Major
408 2217 685 2268 habebatur
709 2215 928 2266 donandi
953 2215 1109 2280 gloria
1132 2235 1143 2267 :
1179 2215 1341 2267 solum

209 2317 485 2374 Poscimus,
511 2327 568 2366 ut
598 2332 762 2365 coenes
789 2314 1013 2366 civiliter.
1071 2314 1191 2365 Hoc
1213 2315 1339 2374 face,
1359 2325 1408 2365 et
1433 2312 1553 2371 esto,

209 2414 344 2472 Esto,
370 2425 427 2463 ut
451 2430 585 2463 nunc
604 2411 768 2471 multi,
795 2412 928 2463 dives
952 2411 1061 2471 tibi,
1078 2429 1265 2477 pauper
1289 2410 1481 2461 amicis,

208 2510 407 2562 Anseris
432 2523 543 2561 ante
564 2509 727 2576 ipsum
755 2507 1105 2575 magnijecur,
1133 2507 1382 2559 anseribus
1405 2525 1494 2574 par

203 2605 396 2666 Altius,
422 2618 471 2656 et
495 2604 605 2656 flavi
631 2605 811 2669 dignus
831 2603 961 2654 ferro
984 2603 1232 2669 Meleagri
1635 2620 1653 2651 1
1669 2620 1725 2668 15

170 2726 175 2731 ’
201 2705 390 2757 Fumat
407 2721 553 2770 aper:
587 2703 696 2770 post
718 2702 856 2754 hunc
881 2701 1117 2752 radentur
1140 2700 1331 2762 tubera,
1357 2700 1392 2752 fi
1415 2719 1500 2753 ver

1570 2795 1722 2847 Tunc
