1941 3363
235 248 318 329 36
597 238 1032 328 JUVENAms
1081 236 1366 296 SATYRA
1398 242 1468 299 V.

226 389 311 441 Da
332 389 530 441 veniam
555 406 567 438 t
604 385 834 452 praeclara
854 382 956 433 illic
979 380 1204 433 laudatur
1219 379 1360 447 iaspis
1381 398 1394 429 :

227 486 369 538 Nam
392 487 558 543 Virr0‚
578 495 633 534 ut
648 481 816 540 multi,
834 495 1061 544 gemmas
1087 477 1147 528 ad
1169 478 1349 542 pocula
1366 472 1598 527 transfert

228 585 279 634 A
303 582 489 647 digitis,
519 596 640 645 quas
664 579 715 628 in
739 576 929 641 vaginae
945 573 1110 625 fronte
1133 571 1317 624 solebat

230 681 422 731 Ponere
445 672 885 743 zelotypojuvenis
912 670 1142 737 praelatus
1166 668 1389 720 Hiarbae.
1680 678 1742 728 45

230 779 316 828 Tu
335 773 668 826 Beneventani
689 769 863 822 sutoris
889 785 1076 819 nomen
1098 765 1373 818 habentem

234 871 448 922 Siccabis
472 868 679 920 calicem
703 865 935 917 nasorum
959 875 1190 929 quatuor,
1217 861 1397 928 acjam

235 967 547 1037 Qffatum‚
564 977 614 1015 et
637 977 785 1029 rupto
811 961 1096 1027 poscentem
1116 958 1299 1010 sulfura
1321 959 1469 1009 vitro.

232 1067 282 1118 Si
307 1063 591 1117 stomachus
616 1061 810 1113 domini
834 1059 989 1112 fervet
1008 1060 1243 1124 vinoque,
1269 1058 1504 1122 ciboque,

233 1161 486 1226 Frigidior
512 1158 705 1210 Geticis
731 1157 918 1222 petitur
941 1155 1147 1206 decocta
1169 1154 1380 1220 pruinis.
1701 1167 1763 1217 50

234 1262 358 1314 Non
382 1261 557 1313 eadem
588 1258 729 1310 vobis
751 1257 873 1323 poni
895 1255 1050 1306 modo
1074 1254 1187 1305 vina
1211 1253 1452 1321 querebar
1465 1276 1481 1314 3

235 1363 343 1414 Vos
369 1361 517 1412 aliam
540 1358 721 1425 potatis
748 1374 931 1422 aquam
952 1374 963 1405 ε
1000 1354 1092 1405 tibi
1114 1354 1295 1420 pocula
1317 1354 1483 1406 cursor

238 1461 469 1514 Gaetulus
493 1458 648 1516 dabit,
673 1469 756 1508 aut
779 1455 910 1520 nigri
933 1471 1109 1505 manus
1131 1453 1256 1504 offea
1278 1454 1469 1513 Mauri,

239 1561 309 1610 Et
332 1557 413 1609 cui
436 1573 523 1622 per
547 1552 769 1605 mediam
790 1551 916 1603 nolis
937 1568 1196 1602 occurrere
1220 1553 1440 1610 nocrem,

243 1653 451 1707 Clivosae
476 1652 666 1702 veheris
691 1650 816 1701 dum
842 1668 929 1715 per
956 1660 1288 1700 monumenta
1311 1647 1520 1700 Latinae.
1695 1665 1751 1714 55

242 1754 361 1805 Flos
386 1751 511 1804 Afiae
537 1762 649 1801 ante
674 1749 857 1815 ipsum,
883 1748 1040 1813 pretio
1064 1745 1249 1812 majore
1267 1758 1465 1813 paratus

249 1854 422 1920 Qm
445 1850 543 1901 fuit
565 1862 615 1900 et
632 1848 774 1899 Tulli
797 1846 966 1897 census
984 1847 1244 1912 pugnaciS,
1283 1858 1331 1897 et
1349 1846 1510 1897 Anci:

249 1949 337 2008 Et,
364 1966 426 1999 ne
451 1959 498 1998 te
521 1957 734 2003 teneam,
761 1944 1113 1994 Romanorum
1137 1943 1308 1992 onmia
1330 1958 1510 2007 regum

253 2041 465 2095 frivola.
514 2038 669 2105 Qd
696 2055 817 2088 cum
835 2037 903 2087 ita
927 2036 1000 2094 fit,
1029 2049 1086 2087 tu
1104 2037 1364 2088 Gaetulum
1382 2038 1736 2102 Ganymedem

256 2138 482 2203 Respice,
509 2153 630 2186 cum
652 2134 779 2184 fities
801 2152 812 2183 :
848 2131 1001 2183 nescit
1021 2144 1096 2183 tot
1120 2133 1340 2184 millibus
1363 2145 1564 2198 emptus
1694 2137 1758 2184 60

255 2234 564 2299 Pauperibus
591 2231 793 2283 miscere
820 2249 940 2295 puer
965 2250 975 2281 ε
1014 2229 1094 2280 sed
1118 2229 1297 2290 forma,
1324 2229 1405 2281 sed
1428 2242 1541 2282 aetas

258 2332 427 2394 Digna
450 2327 726 2393 supercilio.
786 2326 1005 2392 Qndo
1028 2326 1088 2377 ad
1114 2340 1160 2377 te
1185 2327 1410 2392 pervenit
1433 2327 1549 2377 ille?

259 2425 479 2495 Qndo
503 2436 704 2474 vocatus
730 2422 860 2472 adest
883 2423 1070 2481 calidae,
1094 2423 1367 2488 gelidaeque
1391 2422 1647 2473 minister?

261 2524 466 2592 Qppe
489 2519 779 2584 indignatur
802 2520 953 2570 veteri
977 2537 1146 2584 parere
1172 2519 1360 2578 clienti,
1696 2525 1763 2583 64

261 2618 514 2686 quue
539 2615 726 2681 aliquid
750 2613 935 2679 poscas,
962 2627 1009 2666 et
1033 2615 1185 2680 quod,
1206 2615 1251 2665 se
1269 2615 1440 2674 stante,
1467 2615 1745 2667 recumbas.

260 2711 493 2765 Maxima
517 2728 729 2777 quaeque
753 2710 931 2762 domus
958 2711 1100 2763 servis
1126 2711 1194 2762 est
1218 2710 1361 2777 plena
1383 2711 1619 2778 superbis,

1629 2795 1764 2848 Ecce
