1941 3363
197 180 343 244 '226
778 177 1201 238 NOTAE.

283 344 358 391 13.
397 323 649 376 Scribimus
673 321 843 385 inclusi,
868 342 1083 376 numeros
1106 323 1197 385 ille,
1223 324 1296 376 hic
1313 324 1431 390 pede
1457 324 1589 378 liber.

341 423 518 484 Inclust
557 422 654 473 ὅσ.
712 421 986 473 secundum
1033 423 1326 488 interpretes
1372 423 1632 488 fignificat,
1678 422 1730 475 in

214 521 399 573 musaeo
423 518 587 570 nostro
611 517 756 568 claufi
779 517 1043 568 scribimus
1069 536 1322 570 numeros.
1391 520 1733 586 Praeterquam

216 615 356 682 quod
375 612 586 678 seribere
608 630 820 662 numeros
845 611 1091 677 nusquam
1115 612 1315 677 legitur,
1351 631 1479 664 num
1501 632 1636 675 vero,
1671 633 1736 665 an

215 711 299 762 hic
331 708 444 775 pede
477 707 593 758 liber
633 707 786 757 etiam
821 706 989 757 scribit
1032 707 1304 758 numeros?
1355 708 1518 759 Pudet
1557 708 1736 761 talium

216 808 549 871 interpretum
559 826 573 861 ς
609 821 700 854 nec
726 802 873 853 Perfii
898 801 1046 852 verba
1067 801 1176 853 haec
1200 802 1292 854 effe
1315 803 1514 869 poffint‚
1540 803 1620 854 sed
1644 822 1734 855 ex·

215 905 481 970 scriptoris.
550 901 788 953 Libenter
812 918 1123 965 reponerem,

343 997 616 1055 Scribimus,
642 995 841 1058 ifzclufits
863 994 1067 1046 numeris
1088 993 1176 1052 zlle,
1203 993 1276 1044 hic
1290 993 1407 1059 pede
1430 993 1567 1047 liber.

283 1114 364 1161 49·

346 1189 480 1260 Qid
495 1208 584 1241 non
607 1188 736 1239 intus
760 1186 899 1237 habet
915 1185 941 1237 ?
964 1244 969 1247 ,

526 1095 659 1144 Nam
682 1092 791 1144 belle
813 1092 895 1142 hoc
919 1102 1082 1142 excute
1104 1102 1254 1142 totum
1266 1113 1284 1149 ,ς

409 1286 484 1336 At
508 1284 570 1335 fic
594 1271 864 1348 legendum
889 1293 939 1333 et
961 1277 1425 1345 interpungendum
1447 1278 1638 1331 censeo-

491 1385 621 1435 Nam
644 1381 753 1433 belle
775 1381 858 1432 hoc
882 1389 1046 1431 excute
1067 1389 1220 1430 totum

346 1478 489 1550 de
505 1497 594 1530 non
616 1477 745 1528 intus
768 1475 925 1527 habet.

415 1570 557 1622 Ordo
600 1565 979 1620 construetionis
1025 1564 1094 1615 est
1106 1587 1122 1624 ς
1174 1582 1294 1616 nam
1336 1576 1518 1615 excute
1562 1576 1732 1617 totum

216 1666 358 1733 quod
380 1682 483 1715 non
507 1663 640 1713 intus
664 1660 817 1712 habet
839 1660 921 1710 hoc
943 1657 1068 1709 belle.

287 1763 364 1822 58.
403 1756 594 1809 Ciconicz
625 1754 783 1819 pzbffit.
833 1752 1021 1816 Digitis
1056 1750 1118 1801 sc.
1161 1750 1397 1801 omnibus
1430 1753 1649 1805 colledtis
1683 1755 1738 1805 In

218 1874 400 1914 unum,
440 1865 490 1904 et
520 1852 580 1903 ad
610 1850 827 1902 ciconini
857 1848 974 1899 colli
1010 1846 1389 1898 fimilitudinem
1422 1851 1656 1909 curvatis,
1685 1851 1740 1902 in

223 1967 445 2015 eumque
470 1947 666 1999 direffis
691 1945 778 2011 qui
800 1941 1117 1995 irridebatur.

291 2048 370 2095 86.
406 2043 594 2095 Doffius
609 2036 1013 2108 posussefiguras.
1069 2034 1223 2103 Qd
1247 2034 1428 2086 rectius
1453 2053 1609 2101 quam
1631 2035 1740 2089 doc-

220 2152 300 2193 tas
314 2163 330 2200 3
365 2151 423 2190 ut
446 2139 545 2188 Sat.
577 2155 618 2203 5.
644 2153 743 2186 ver.
769 2150 840 2199 15.
868 2130 1034 2184 radere
1055 2150 1201 2182 mores
1225 2128 1400 2182 doblus.

295 2251 404 2298 113.
442 2232 596 2293 Pinge
620 2229 729 2281 dues
751 2246 944 2291 angues.
993 2227 1198 2282 Veteres
1233 2225 1462 2276 Gentiles
1495 2225 1741 2292 serpentes

223 2327 495 2395 appinxere
520 2324 579 2374 ad
602 2320 968 2373 conciliandam
990 2319 1102 2370 loco
1128 2317 1472 2369 reverentiam.

296 2442 403 2488 133.
439 2420 670 2474 Peezdans
694 2418 936 2471 Nonaria.
981 2416 1122 2467 Hora
1146 2413 1482 2465 decumbendi
1505 2433 1628 2465 nona
1650 2414 1744 2466 effe

222 2521 508 2589 putabatur,
547 2537 649 2583 qua
677 2517 978 2583 plerumque
1010 2513 1168 2564 scorta
1198 2513 1260 2562 ad
1295 2511 1499 2562 amafios
1536 2513 1741 2563 accede-

225 2623 347 2675 bant
363 2644 379 2681 ;
409 2619 521 2671 ideo
547 2618 679 2669 dicta
699 2614 879 2667 mulier
904 2611 1145 2673 Novaria,
1178 2610 1450 2678 impudica.
1522 2610 1739 2661 Gronov.

1612 2705 1735 2758 AD
