1941 3363
297 248 431 308 144
598 228 1024 316 JUVENAms
1081 231 1366 297 SATYRA
1400 240 1548 299 XIV.

286 372 404 425 Nec
429 372 520 425 tibi
543 386 772 439 parcetur
797 373 993 436 misem,
1029 375 1384 445 trepidumque
1408 378 1705 446 magistrum

286 469 349 523 In
371 489 517 523 cavea
536 489 724 537 magno
748 470 957 523 fremitu
980 472 1059 524 leo
1082 473 1225 525 tollet
1248 475 1501 527 alumnus.

285 566 427 620 Nota
449 569 821 621 mathematicis
842 569 1032 636 genesis
1055 582 1170 623 tua:
1207 571 1287 623 sed
1309 591 1457 637 grave
1482 572 1644 625 tardas

281 662 580 730 Exspectare
603 664 758 715 colos.
824 663 1082 726 Morieris‚
1116 665 1327 718 stamine
1348 667 1578 720 nondum

282 760 536 827 Abrupt0.
602 761 721 828 Jam
743 779 880 811 nunc
903 760 1082 822 obstaS,
1119 773 1170 813 et
1192 774 1307 815 vota
1329 766 1534 816 moraris
1543 787 1560 825 3
1695 782 1721 816 2
1729 782 1792 831 50

277 857 397 923 Jam
424 854 880 922 torquetjuvenem
900 856 1053 922 longa
1078 868 1127 909 et
1149 857 1351 909 cervina
1371 857 1609 911 senectus·

279 953 451 1020 Ocyus
462 952 806 1018 Archigenem
819 972 1003 1020 quaere,
1019 966 1170 1021 atque
1188 973 1300 1007 eme
1318 956 1456 1023 quod
1469 955 1796 1009 Mithridates

276 1051 593 1118 Composuit,
630 1050 665 1101 fi
690 1051 763 1101 vis
789 1049 939 1101 aliam
962 1050 1224 1118 decerpere
1245 1050 1422 1113 ficum,

274 1151 448 1215 Atque
472 1149 586 1200 alias
610 1150 817 1200 tractare
840 1147 985 1200 rosas.
1033 1148 1359 1200 Medicamen
1379 1148 1671 1202 habendum
1695 1150 1783 1212 est,

275 1244 482 1296 Sorbere
507 1257 620 1296 ante
644 1244 819 1296 cibum
843 1244 985 1310 quod
1003 1243 1179 1296 debeat
1201 1256 1251 1296 et
1270 1256 1425 1311 pater,
1460 1257 1511 1296 et
1531 1263 1640 1297 rex.
1688 1264 1716 1296 2
1722 1264 1746 1311 5
1753 1262 1781 1314 5

272 1342 508 1395 Monstro
529 1342 841 1408 voluptatem
862 1341 1133 1406 egregiam,
1168 1342 1252 1392 cui
1273 1342 1412 1394 nulla
1434 1341 1646 1403 theatra,

269 1439 429 1492 Nulla
455 1457 651 1506 aequare
674 1456 826 1505 queas
851 1439 1072 1504 praetoris
1099 1437 1295 1504 pulpita
1316 1436 1460 1498 lauti,

270 1540 322 1591 Si
343 1539 527 1605 spectes
550 1549 743 1604 quanto
767 1537 945 1603 capitis
969 1536 1254 1588 discrimine
1277 1535 1510 1588 constent

267 1637 586 1689 Incrementa
609 1636 808 1695 domus,
845 1647 990 1686 aerata
1009 1634 1201 1686 multus
1222 1633 1276 1684 in
1300 1651 1413 1684 arca

266 1733 456 1793 Fiscus,
491 1744 540 1783 et
563 1732 624 1782 ad
649 1731 856 1796 vigilem
880 1728 1100 1796 ponendi
1124 1726 1326 1779 Castora
1349 1727 1569 1788 nummi,
1684 1734 1781 1785 260

265 1827 348 1878 Ex
370 1845 471 1893 quo
497 1826 638 1877 Mars
663 1824 815 1875 Ultor
835 1823 1030 1888 galeam
1055 1840 1258 1889 quoque
1282 1822 1520 1888 perdidit,
1553 1834 1604 1874 et
1626 1841 1703 1875 res
1789 1860 1792 1862 v

265 1918 391 1970 Non
413 1919 581 1984 potuit
603 1917 785 1968 servare
808 1917 933 1967 suas.
1000 1916 1140 1980 Ergo
1159 1915 1330 1966 omnia
1349 1915 1393 1965 F
1393 1915 1530 1976 lorae,

264 2019 336 2072 Et
361 2019 554 2072 Cereris
576 2018 709 2077 licet,
746 2029 798 2068 et
822 2015 1034 2081 Cybeles
1056 2015 1211 2067 aulaea
1233 2014 1479 2080 relinquas
1487 2038 1506 2076 3

263 2127 437 2178 Tanto
457 2121 667 2190 majores
690 2120 916 2172 humana
937 2120 1139 2185 negotia
1162 2118 1292 2170 ludi.

260 2225 347 2275 An
373 2222 533 2287 magis
558 2220 812 2271 oblectant
835 2217 1068 2268 animum
1081 2215 1267 2283 jactata
1292 2226 1503 2282 petauro
1683 2223 1743 2270 26
1748 2237 1775 2286 5
1812 2237 1815 2239 ’

264 2324 507 2387 Corpora,
542 2318 732 2384 quique
758 2316 914 2367 solent
938 2318 1132 2366 rectum
1157 2313 1449 2365 descendere
1474 2313 1672 2376 funem,

266 2422 438 2488 Qm
462 2431 534 2477 tu,
571 2417 785 2481 Corycia
806 2416 1002 2481 semper
1022 2416 1111 2481 qui
1132 2432 1302 2480 puppe
1326 2413 1536 2464 moraris

266 2520 439 2583 Atque
461 2515 673 2572 habitae,
707 2531 826 2563 coro
849 2513 1043 2577 semper
1066 2510 1317 2562 tollendus
1342 2522 1392 2561 et
1414 2510 1596 2569 austro,

262 2615 511 2673 Perditus‚
545 2630 602 2663 ac
626 2611 734 2664 vilis
758 2610 882 2661 sacci
904 2621 1149 2661 mercator
1168 2607 1381 2666 olenti33

264 2714 371 2783 Q
393 2711 575 2778 gaudes
599 2710 788 2777 pingue
811 2707 1027 2772 antiquae
1051 2706 1113 2756 de
1134 2705 1302 2756 littore
1325 2707 1488 2758 Cretae
1679 2699 1779 2768 ‘270'

1656 2801 1772 2852 Pas*
