1941 3363
270 246 315 303 4
641 226 1054 313 JUVENALIS
1103 228 1380 290 SATYRA
1412 232 1452 286 Ι.

268 372 504 422 Occurrit
526 384 757 423 matrona
778 384 970 437 potens,
993 390 1102 437 quae
1129 373 1281 423 molle
1300 372 1551 423 Calenum

265 459 557 511 porrectura
580 462 684 511 viro
704 461 878 511 miscet
897 460 1088 510 fitiente
1113 460 1364 520 rubetam,
1711 470 1774 518 70

265 551 585 617 Instituitque
614 552 758 603 rudes
786 551 964 602 melior
992 551 1209 602 Locusta
1225 552 1550 617 propinquas,

265 648 360 700 Per
382 649 573 700 famam
596 662 645 701 et
668 650 918 715 populum
944 651 1109 715 nigros
1134 648 1309 700 efferre
1329 649 1551 699 maritos-

266 747 414 798 Aude
432 748 619 814 aliquid
643 746 873 799 brevibus
894 749 1074 814 Gyaris
1098 760 1147 798 et
1172 766 1367 799 carcere
1385 747 1618 812 dignum,

264 842 313 891 Si
337 842 409 893 vis
432 843 525 894 effe
547 844 724 909 aliquis
745 862 756 894 :
794 843 1020 895 Probitas
1038 843 1283 902 laudatur,
1309 855 1358 894 et
1376 843 1527 908 alget.

263 939 575 993 Criminibus
597 942 782 992 debent
797 940 989 1001 hortos,
1015 941 1259 1007 praetoria,
1287 941 1498 1000 mensas,
1707 950 1735 1000 7
1744 950 1768 1000 5

262 1035 552 1098 Argentum
570 1048 729 1095 vetuS,
757 1049 806 1088 et
823 1037 1036 1088 stantem
1055 1049 1195 1088 extra
1216 1036 1398 1102 pocula
1415 1051 1642 1100 caprum.

262 1131 435 1199 Qm
459 1134 650 1199 patitur
671 1135 892 1186 dormire
910 1135 1063 1187 nurus
1083 1148 1348 1202 corruptor
1367 1152 1552 1192 avarae3

263 1232 435 1299 Qm
458 1233 641 1298 sponsae
666 1246 850 1299 turpes,
875 1245 926 1284 et
949 1246 1270 1300 praetextatus
1293 1233 1485 1286 adulter
1505 1231 1523 1281 ?

261 1331 312 1380 Si
333 1344 511 1384 natura
527 1345 694 1398 negat,
719 1332 840 1385 facit
863 1334 1145 1399 indignatio
1168 1333 1380 1392 versum,

260 1432 685 1500 Qlemcunque
707 1432 897 1498 potest:
924 1433 1092 1498 quales
1111 1452 1223 1498 ego,
1241 1433 1321 1484 vel
1334 1431 1625 1483 CluvienuS.
1707 1433 1770 1479 80

318 1533 402 1583 Ex
425 1550 528 1598 quo
554 1529 854 1591 Deucalion,
871 1532 1060 1583 nimbis
1083 1531 1372 1583 tollentibus
1391 1547 1579 1596 aequor,

254 1628 477 1693 Navigio
499 1640 730 1679 montem
753 1629 988 1690 ascendit,
1013 1629 1260 1695 sortesque
1278 1627 1524 1695 poposcit,

252 1729 607 1793 Paulatimque
628 1727 795 1778 anima
811 1728 1071 1780 caluerunt
1094 1728 1266 1780 mollia
1287 1728 1416 1787 saxa,

253 1828 325 1879 Et
359 1825 578 1877 maribus
602 1826 759 1877 nudas
784 1826 996 1879 ostendit
1019 1825 1208 1893 Pyrrha
1227 1826 1416 1892 puellas
1437 1845 1450 1877 :

258 1924 517 1995 chuid
531 1937 688 1989 agunt
703 1926 954 1986 homines,
967 1938 1163 1984 votum,
1177 1925 1348 1984 timor,
1359 1925 1446 1984 ira,
1462 1922 1709 1990 voluptaS,

252 2025 471 2084 Gaudia,
491 2024 750 2085 discursus,
776 2025 929 2076 nostri
951 2025 1020 2076 est
1040 2024 1235 2090 farrago
1254 2024 1426 2076 libelli.
1647 2051 1651 2053 “
1701 2029 1762 2076 86

253 2123 324 2174 Et
343 2121 544 2187 quando
569 2120 771 2172 uberior
794 2121 1032 2173 vitiorum
1050 2121 1231 2187 copia?
1267 2122 1470 2187 quando

253 2217 424 2284 Major
442 2218 653 2269 avaritiae
678 2218 838 2282 patuit
862 2217 990 2268 finus
1010 2217 1026 2266 ?
1063 2215 1167 2266 alea
1190 2217 1393 2281 quando

250 2315 364 2368 Hos
386 2316 612 2367 animos?
647 2334 811 2382 neque
835 2318 973 2368 enim
995 2316 1170 2367 loculis
1193 2316 1553 2368 comitantibus
1577 2316 1678 2369 itur

249 2417 333 2468 Ad
354 2417 522 2468 casum
548 2415 745 2474 tabulae,
771 2416 926 2480 pofita
950 2415 1031 2466 sed
1059 2415 1250 2466 luditur
1273 2433 1398 2467 arca.
1696 2435 1759 2483 90

247 2510 421 2563 Praelia
444 2524 629 2576 quanta
650 2511 752 2562 illic
776 2510 1102 2577 dispensatore
1126 2511 1315 2563 videbis

247 2612 516 2676 Armigero
539 2610 549 2661 Ι
585 2609 858 2676 fimplexne
882 2608 1022 2661 furor
1045 2609 1259 2661 sestertia
1281 2623 1490 2662 centum

245 2710 472 2770 Perdere,
500 2723 549 2762 et
572 2709 794 2761 horrenti
821 2709 1048 2761 tunicam
1072 2727 1174 2761 non
1201 2710 1404 2762 reddere
1427 2709 1561 2764 servo
1583 2711 1602 2761 ?

1626 2809 1756 2879 st
