1941 3363
270 245 404 303 124-
580 223 1003 309 JUVENAMS
1055 222 1332 283 SATYRA
1386 231 1534 284 XIII.

693 511 1131 572 SATYRA
1179 512 1351 571 XIII.

270 686 275 689 “
364 669 585 735 Xemplo
604 667 964 733 quodcumque
990 666 1124 717 malo
1147 666 1503 726 committitur,
1539 667 1629 733 ipfi

397 768 643 833 Displicet
663 766 870 818 auctori.
940 766 1110 816 Prima
1133 765 1201 816 est
1225 765 1331 817 haec
1356 765 1500 825 ultio,
1536 766 1674 831 quod
1697 767 1743 818 se

258 865 457 932 Judice,
493 881 645 915 nemo
669 880 853 913 nocens
878 862 1160 920 absolvitur,
1196 862 1428 928 improba
1452 863 1681 929 quamvis

263 961 441 1012 Gratia
462 959 626 1011 fallaci
648 958 869 1024 praetoris
892 958 1067 1009 vicerit
1091 975 1231 1008 urna.

263 1059 405 1127 Qd
426 1056 604 1108 sentire
627 1068 771 1121 putas
795 1073 989 1114 omnes,
1025 1054 1251 1114 Calvine,
1288 1055 1477 1106 recenti
1758 1073 1783 1121 5

262 1156 347 1206 De
370 1153 565 1211 scelere,
601 1164 651 1202 et
672 1150 789 1201 fidei
809 1151 1003 1201 violatae
1027 1150 1236 1201 crimine
1256 1150 1272 1199 ?
1309 1151 1389 1201 sed
1413 1170 1505 1202 nec

261 1252 402 1302 Tam
426 1248 587 1301 tenuis
611 1245 781 1298 census
805 1246 897 1297 tibi
918 1246 1151 1311 contigit,
1191 1259 1246 1297 ut
1271 1247 1537 1298 mediocris

262 1349 479 1419 JaC'turae
504 1357 553 1396 te
578 1354 774 1408 mergat
796 1360 953 1393 onus:
990 1360 1084 1393 nec
1108 1361 1214 1393 rara
1234 1342 1461 1399 videmus

265 1449 395 1514 Qae
421 1442 601 1508 pateris
619 1465 635 1502 ;
670 1441 805 1492 casus
827 1440 1000 1491 multis
1023 1438 1106 1490 hic
1131 1441 1383 1506 cognitu3,
1419 1460 1475 1493 ac
1490 1440 1601 1508 jam

266 1545 465 1604 Tritus,
502 1555 553 1594 et
576 1561 602 1593 e
627 1540 795 1591 medio
818 1538 1033 1589 fortunae
1058 1536 1234 1587 ductus
1257 1556 1447 1590 acervo.
1732 1561 1803 1603 10⁴,

267 1641 522 1691 Ponamus
547 1636 730 1688 nimios
753 1633 973 1698 gemitus
985 1655 1001 1691 3
1036 1631 1323 1696 flagrantior
1344 1652 1492 1700 aequo

267 1738 390 1791 Non
413 1736 562 1789 debet
584 1733 727 1784 dolor
747 1729 841 1782 effe
866 1730 973 1788 viri,
1010 1747 1103 1780 nec
1126 1730 1330 1781 vulnere
1351 1731 1528 1798 major.

264 1838 353 1888 Tu
377 1833 604 1902 quamvis
625 1831 815 1881 levium
841 1827 1111 1879 minimam
1134 1828 1473 1896 exiguamque
1495 1831 1747 1890 malorum

266 1931 574 1985 Particulam
597 1929 679 1979 vix
701 1926 830 1978 ferre
852 1938 1012 1992 poteS‚
1049 1925 1397 1991 spumantibus
1422 1927 1595 1978 ardens

267 2029 572 2087 Visceribus,
606 2027 798 2078 sacrum
825 2024 919 2075 tibi
942 2022 1079 2088 quod
1107 2040 1206 2074 non
1232 2023 1404 2074 reddat
1428 2026 1618 2077 amicus
1734 2049 1752 2079 1
1764 2046 1793 2094 ς-

267 2126 586 2194 Depositum.
656 2124 833 2188 Stupet
857 2120 980 2179 haec,
1019 2117 1233 2185 quijam
1256 2119 1366 2185 post
1394 2131 1531 2187 terga
1555 2122 1757 2189 reliquit
1787 2152 1790 2155 ⁴

272 2202 539 2288 Scitaginta
562 2237 734 2273 annos,
760 2217 977 2269 Fonteio
999 2215 1198 2267 consule
1226 2216 1403 2267 natus?

272 2322 358 2372 An
384 2317 511 2369 nihil
534 2317 586 2366 in
613 2313 793 2366 melius
819 2324 894 2364 tot
917 2330 1084 2362 rerum
1108 2309 1307 2375 proficis
1333 2310 1458 2361 usu?

274 2420 470 2484 Nlagna
495 2414 722 2481 quidem,
757 2412 900 2463 sacris
925 2430 1037 2476 quae
1061 2410 1145 2460 dat
1171 2423 1418 2475 praecepta
1442 2410 1643 2472 libellis,
1802 2475 1804 2477 Ι

273 2513 472 2563 Victrix
497 2512 730 2561 Fortunae
753 2508 1002 2574 sapientia.
1071 2507 1305 2556 Dicimus
1332 2518 1501 2558 autem
1737 2527 1798 2560 20

275 2608 615 2671 Hosquoque
638 2602 826 2661 felices,
861 2604 950 2668 qui
974 2601 1102 2652 ferre
1124 2600 1449 2652 incommoda
1473 2601 1602 2662 vitae,

276 2707 391 2760 Nec
406 2701 794 2772 jactarejuguni
816 2703 919 2753 vita
941 2700 1155 2752 didicere
1177 2700 1427 2766 magistra„

1666 2796 1796 2866 Qae.
