1941 3363
433 255 870 343 JquNAL1s
923 253 1381 332 SATYRAXV·
1553 272 1680 332 149

157 401 282 452 Odit
309 414 519 469 uterque
543 402 680 452 locus
698 423 712 458 3
748 418 865 451 cum
892 401 1014 452 solos
1039 400 1206 451 credat
1231 398 1487 458 habendos

155 496 267 548 Effe
293 498 447 557 Deos,
473 515 600 564 quos
627 495 727 561 ipse
751 497 889 547 colit.
961 496 1053 546 Sed
1083 509 1310 560 tempore
1334 493 1460 544 festo

155 591 380 642 Alterius
403 592 579 658 populi
604 591 836 656 rapienda
859 591 1049 642 occafio
1081 591 1274 641 cunctis

155 684 272 735 Visa
290 687 614 741 inimicorum
640 685 944 751 primoribus
971 703 1027 736 ac
1050 685 1288 741 ducibus;
1327 702 1389 738 ne
1608 700 1673 743 40

153 783 355 834 Laetum
378 784 691 850 hilaremque
714 785 866 843 diem,
895 803 955 835 ne
980 802 1174 848 magnae
1198 783 1379 847 gaudia
1401 800 1556 836 coenae

156 879 423 940 Sentirent,
459 881 627 946 pofitis
653 881 712 931 ad
739 880 926 944 templa
949 892 996 929 et
1019 879 1241 944 compita
1267 881 1460 938 menfis,

156 974 495 1040 Pervigilique
520 988 645 1034 toro,
671 993 824 1039 quem
851 975 995 1024 nocte
1020 992 1075 1024 ac
1097 974 1206 1024 luce
1222 972 1479 1040 jacentem

156 1069 408 1134 Septimus
434 1071 687 1121 interdum
713 1071 779 1121 sol
805 1071 1010 1121 invenit.
1083 1072 1300 1122 Horrida
1320 1073 1431 1123 sane

154 1165 437 1231 AEgyptus:
475 1166 554 1216 sed
578 1168 789 1226 luxuria,
815 1180 1062 1232 quantum
1087 1167 1185 1233 ipse
1211 1170 1397 1228 notavi,
1609 1178 1675 1236 45'

156 1259 371 1310 Barbara
397 1259 586 1312 famoso
610 1280 708 1311 non
735 1262 865 1313 cedit
893 1264 1038 1313 turba
1066 1264 1294 1328 Canopo.

155 1355 302 1406 Adde
328 1357 466 1422 quod
489 1371 538 1408 et
562 1356 719 1408 facilis
742 1357 946 1408 vietoria
970 1357 1031 1407 de
1055 1358 1268 1408 madidis
1294 1370 1343 1408 et

157 1452 336 1512 Blaefis‚
362 1466 513 1519 atque
537 1472 677 1513 mero
704 1453 1057 1513 titubantibus
1127 1454 1250 1512 Inde
1273 1456 1498 1507 virorum

157 1551 367 1602 Saltatus
391 1551 536 1618 nigro
560 1551 783 1614 tibicine,
816 1552 1187 1619 qualiacunque

157 1649 453 1716 Unguenta,
482 1662 531 1701 et
555 1649 717 1709 fiores,
743 1649 1018 1715 multaeque
1040 1650 1092 1700 in
1118 1649 1284 1702 fronte
1307 1670 1533 1705 coronae:
1613 1671 1672 1721 5ο

157 1747 300 1798 Hinc
315 1745 551 1813 jejunum
574 1747 766 1798 odium.
837 1745 1116 1814 Sedjurgia
1139 1748 1303 1814 prima
1326 1748 1494 1801 sonare

157 1844 416 1910 Incipiunt
440 1844 618 1895 animis
643 1843 958 1895 ardentibus:
993 1844 1103 1903 haec
1129 1845 1251 1896 tuba
1276 1848 1412 1898 rixae.

157 1942 294 1997 Dein
318 1942 535 1992 clamore
560 1941 666 2006 pari
689 1942 1023 2002 concurritur,
1049 1956 1098 1993 et
1121 1943 1228 1999 vice
1253 1943 1338 1994 teli

160 2040 309 2091 Saevit
330 2041 466 2092 nuda
487 2059 696 2098 manus:
733 2058 900 2106 paucae
923 2040 1022 2090 fine
1045 2041 1248 2098 vulnere
1272 2042 1446 2094 malae:

160 2135 269 2195 Vix
291 2137 532 2202 cuiquam
560 2147 645 2185 aut
668 2135 794 2194 nulli
818 2146 927 2191 toto
947 2137 1221 2194 certamine
1244 2138 1386 2188 nasus
1616 2155 1674 2204 55

160 2234 379 2297 Integer.
449 2231 706 2297 Aspiceres
720 2230 830 2300 jam
857 2235 1037 2289 cuncta
1061 2252 1149 2299 per
1172 2234 1373 2297 agmina
1395 2233 1561 2286 vultus

160 2330 435 2390 Dimidios,
461 2330 576 2380 alias
600 2329 768 2389 facieS,
796 2342 846 2385 et
869 2329 1061 2381 hiantia
1081 2332 1239 2395 ruptis

162 2430 279 2481 Offa
301 2431 459 2494 genis,
487 2430 661 2494 plenos
688 2428 951 2479 oculorum
974 2428 1208 2492 sanguine
1231 2447 1445 2494 pugnos.

162 2529 361 2580 Ludere
386 2529 432 2579 se
456 2529 667 2580 credunt
691 2528 779 2593 ipfi
806 2541 993 2586 tamen,
1021 2539 1070 2578 et
1093 2528 1304 2592 pueriles

162 2628 409 2687 Exercere
431 2629 576 2687 acieS,
602 2627 738 2693 quod
760 2627 896 2678 nulla
920 2627 1154 2677 cadavera
1179 2626 1389 2687 calcent=z
1614 2632 1680 2686 50

163 2726 232 2784 Et
253 2726 361 2777 sane
386 2745 488 2792 quo
513 2739 587 2784 tot
613 2726 814 2788 rixantis
839 2724 999 2776 millia
1025 2723 1203 2794 turbaeg

873 2822 987 2890 K3
1630 2822 1686 2881 Si
