1941 3363
243 257 329 339 98
363 263 372 272 ”
558 243 996 343 Ju'vENALOE
1051 256 1317 315 SATYRA
1367 262 1437 316 X.

241 400 550 468 Speffandus
575 420 587 451 :
624 399 848 465 gaudent
871 415 1047 450 omnes
1067 419 1079 450 ι
1117 399 1247 471 Qae
1269 398 1439 449 labra?
1474 401 1588 464 quis
1608 387 1685 452 illi

240 499 428 550 Vultus
451 496 593 548 erat?
625 495 930 561 Nunquam,
965 495 1000 546 fi
1024 493 1149 561 quid
1175 494 1303 546 mihi
1324 494 1502 553 credie„
1538 495 1698 546 amavi
1785 482 1793 487 ⁴

241 598 402 652 Hunc
419 594 685 646 hominem
705 612 717 645 z
737 593 816 644 sed
831 610 935 659 quo
951 593 1134 644 cecidit
1151 592 1241 644 sub
1263 592 1510 644 crimine?
1532 593 1760 658 quisnam
1787 625 1791 628 ⁴

245 691 492 746 Delator?
527 691 714 758 quibus
740 691 1008 750 indicibuS,
1046 709 1149 757 quo
1173 690 1292 741 teste
1314 689 1574 757 probavit?
1699 699 1765 754 70
1786 720 1792 723 -

243 792 337 846 Nil
359 791 576 842 horum:
611 786 815 842 verbosa
839 801 889 839 et
917 788 1117 853 grandis
1138 787 1344 855 epistola
1366 789 1505 840 venit
1760 786 1766 793 ”

244 889 295 939 A
320 885 551 953 CapreiS:
588 885 715 937 bene
738 884 909 944 habet,
945 883 1015 935 nil
1042 884 1151 950 plus
1174 884 1443 949 interrogo.
1498 883 1594 936 Sed
1617 881 1742 949 quid
1787 869 1791 878 Δ

245 986 426 1038 Turba
445 982 637 1036 Remi?
671 984 894 1051 sequitur
916 981 1192 1043 fortunam,
1226 995 1283 1034 ut
1305 982 1517 1049 semper,
1552 994 1602 1035 et
1624 981 1734 1034 odit

243 1084 556 1136 Damnatos:
591 1081 729 1134 idem
751 1081 982 1149 popquS,
1017 1082 1052 1133 fi
1073 1080 1289 1133 Nurscia
1310 1081 1522 1134 Thusco

245 1175 290 1232 F
291 1180 474 1239 aviffet,
510 1180 545 1231 fi
568 1180 791 1246 oppreffa
815 1178 946 1231 foret
970 1179 1136 1229 secura
1154 1179 1373 1230 senectus
1702 1187 1765 1252 75

246 1278 512 1344 Principis,
548 1276 641 1328 hac
665 1276 766 1342 ipsa
789 1274 1026 1342 Sejanum
1044 1277 1229 1327 diceret
1251 1276 1377 1328 hora

247 1377 555 1442 Augustum.
625 1375 956 1441 Jampridem,
994 1392 1056 1425 ex
1079 1392 1181 1440 quo
1204 1374 1435 1441 suffragia
1458 1374 1583 1428 nulli

246 1472 548 1531 vendimus,
583 1470 762 1536 effugit
781 1489 943 1523 curas.
1009 1470 1152 1523 Nam
1175 1472 1263 1537 qui
1287 1471 1435 1523 dabat
1456 1471 1582 1523 olim

245 1570 546 1634 Imperium,
582 1567 752 1627 fasceS,
786 1567 1027 1632 legioneS,
1062 1568 1250 1627 omnia,
1287 1585 1421 1619 nunc
1446 1568 1494 1620 se

247 1663 512 1726 Continet,
547 1677 695 1731 atque
720 1665 839 1716 duas
868 1676 1065 1715 tantum
1089 1682 1163 1715 res
1188 1666 1361 1716 anxius
1385 1675 1544 1732 optat,
1704 1669 1765 1715 80

248 1764 459 1824 Panem,
496 1775 546 1816 et
571 1761 843 1814 Circenses,
912 1760 1163 1812 Perituros
1190 1760 1337 1812 audio
1362 1759 1582 1812 multos:

246 1859 343 1915 Nil
365 1862 615 1914 dubium:
652 1877 836 1924 magna
859 1857 927 1908 est
951 1857 1234 1910 fornacula:
1271 1857 1535 1923 pallidulus
1561 1856 1637 1910 mi

251 1959 506 2011 Brutidius
531 1973 673 2008 meus
699 1956 761 2006 ad
783 1955 967 2006 Martis
992 1954 1088 2005 fuit
1112 1954 1288 2005 obvius
1313 1973 1469 2006 aram.

251 2055 426 2123 Qm
450 2054 625 2112 tImeo,
659 2052 819 2103 vistus
845 2070 907 2102 ne
931 2069 1102 2115 poenas
1126 2051 1291 2115 exigat
1315 2049 1464 2116 Ajax,

249 2152 326 2204 Ut
351 2152 480 2203 male
502 2150 730 2202 defensus
753 2149 764 2201 !
798 2166 1058 2200 curramus
1083 2148 1377 2214 praecipites,
1410 2145 1462 2198 et
1703 2151 1729 2198 8
1738 2164 1767 2214 ς’

249 2248 547 2317 Dumjacet
571 2250 622 2300 in
649 2250 773 2315 ripa,
807 2248 1055 2300 calcemus
1084 2247 1285 2299 Caesaris
1310 2247 1524 2298 hostem.

251 2347 346 2398 Sed
368 2345 569 2397 videant
593 2344 735 2403 servi,
771 2363 833 2394 ne
860 2344 972 2409 quis
999 2356 1161 2407 neget,
1198 2356 1246 2394 et
1270 2342 1509 2408 pavidum
1530 2341 1582 2393 in
1598 2339 1683 2408 jus

251 2442 460 2494 Cervice
484 2439 716 2491 obstricta
740 2439 1010 2490 dominum
1035 2438 1212 2490 trahat.
1283 2439 1359 2490 Hi
1386 2439 1635 2490 sermones

246 2540 402 2592 Tunc
424 2539 486 2589 de
511 2535 704 2603 Sejano,
740 2536 922 2587 secreta
945 2535 1052 2588 haec
1079 2554 1340 2587 murmura
1362 2536 1517 2601 vulgi.

245 2632 401 2685 Visne
424 2633 619 2684 salutari
644 2633 765 2683 ficut
810 2630 1049 2698 Sejanus?
1084 2632 1268 2684 habere
1701 2649 1765 2697 90

247 2731 575 2786 Tantundem
598 2731 614 2780 ?
651 2742 801 2798 atque
823 2731 894 2782 illi
919 2730 1055 2783 sellas
1080 2731 1262 2783 donare
1285 2730 1516 2783 curules?

1610 2825 1764 2878 Illum
