1941 3363
436 232 864 321 JUVENALrs
921 245 1196 298 SATYRA
1249 245 1344 298 IV.
1609 259 1690 320 33

158 376 431 439 PercuffUS,
456 379 675 438 Bellona,
700 390 788 431 tuo
813 379 1000 433 divinat
1025 405 1041 441 ;
1085 394 1134 434 et
1152 382 1326 447 ingens

157 474 331 526 Omen
355 475 524 536 habes,
548 477 730 543 inquit,
755 480 945 544 magni,
964 480 1180 546 clarique
1204 479 1467 546 triumphi.
1577 482 1664 544 125

158 569 357 637 Regem
384 573 602 638 aliquem
624 575 802 641 capies,
827 588 912 627 aut
934 576 995 626 de
1020 589 1221 628 temone
1245 577 1484 628 Britanno

157 667 373 722 Excidet
392 672 662 737 Arviragus
684 692 696 723 z
733 674 990 738 peregrina
1009 674 1077 725 est
1102 675 1282 726 bellua.
1320 674 1499 726 Cernis

158 766 360 820 Erectas
386 771 436 820 in
456 782 593 835 terga
619 771 794 822 sudes?
828 770 927 823 hoc
953 770 1113 822 defuit
1134 790 1296 824 unum

156 865 406 928 Fabricio,
432 871 645 935 patriam
679 881 734 920 ut
757 869 960 920 rhombi
983 882 1301 930 memoraret,
1335 883 1384 923 et
1408 889 1579 923 annOS.

160 968 421 1035 anam
441 968 596 1032 igitur
617 965 820 1016 censes?
855 967 1137 1018 conciditur
1161 967 1178 1016 ?
1214 967 1335 1018 abfit
1361 967 1421 1018 ab
1444 968 1530 1019 illo
1577 985 1667 1032 130

161 1063 397 1114 Dedecus
421 1062 537 1122 hoc,
561 1063 843 1114 Montanus
866 1063 934 1113 ait
955 1086 970 1122 3
1007 1063 1128 1115 testa
1153 1063 1250 1115 alta
1272 1074 1488 1130 paretur,

161 1164 291 1232 Qae
316 1163 453 1214 tenui
478 1180 624 1214 muro
642 1161 907 1228 spatiosum
930 1162 1133 1228 colligat
1156 1163 1348 1214 orbern.

118 1292 125 1302 =
162 1264 395 1317 Debetur
414 1281 628 1329 magnus
655 1265 837 1330 patinae
859 1264 1145 1331 subitusque
1168 1262 1516 1315 Prometheus,

162 1363 434 1429 Argillam,
450 1375 599 1430 atque
616 1374 779 1414 rotam
796 1364 942 1414 citius
958 1374 1247 1429 properate:
1274 1361 1355 1413 sed
1377 1379 1439 1412 ex
1462 1360 1561 1412 hoc

163 1461 560 1530 Temporejam,
589 1461 763 1521 Caesar,
785 1460 927 1527 figuli
951 1473 1037 1513 tua
1059 1459 1214 1512 castra
1236 1459 1519 1525 sequantur.
1594 1475 1683 1524 135

164 1558 306 1610 Vicit
324 1558 476 1622 digna
499 1558 605 1609 viro
628 1557 868 1608 sententia
894 1576 905 1607 :
943 1568 1150 1607 noverat
1172 1554 1257 1606 ille

163 1658 443 1709 Luxuriam
461 1656 659 1723 imperii
681 1667 916 1715 veterem,
945 1655 1212 1720 noetesque
1236 1653 1454 1705 Neronis

163 1758 281 1823 Jam
307 1757 512 1815 mediaS,
537 1755 786 1820 aliamque
809 1755 1018 1813 famem,
1045 1771 1165 1805 cum
1190 1753 1367 1819 pulmo
1386 1753 1598 1804 Falerno

166 1855 394 1905 Arderet.
429 1852 577 1904 Nulli
601 1849 760 1915 major
781 1849 879 1901 fuit
907 1849 1017 1900 usus
1042 1848 1222 1899 edendi

162 1950 487 2017 Tempestate
508 1966 637 1999 mea.
673 1946 873 1997 Circaeis
894 1956 1008 1997 nata
1029 1943 1213 2003 forent,
1236 1962 1299 1995 an
1591 1962 1682 2006 140

166 2053 446 2103 Lucrinum
472 2048 532 2098 ad
555 2048 744 2104 saxum,
764 2045 1089 2110 Rutupinove
1113 2045 1245 2095 edita
1266 2043 1425 2095 fundo

166 2151 360 2208 Ostrea,
390 2147 601 2199 callebat
627 2145 792 2210 primo
815 2141 1117 2208 deprendere
1141 2141 1307 2192 morsu
1330 2160 1342 2191 ε

166 2248 235 2299 Et
260 2245 409 2297 semel
427 2244 602 2309 aspecti
621 2242 737 2292 litus
763 2239 958 2292 dicebat
982 2237 1165 2290 echini.

167 2344 416 2409 Surgitur,
442 2354 491 2392 et
517 2339 658 2391 miffo
682 2355 908 2404 proceres
926 2335 1317 2402 exirejubentur

169 2440 419 2498 ConciliO,
434 2456 560 2504 quos
582 2413 960 2487 Albananidux
984 2453 1197 2501 magnus
1220 2436 1274 2485 in
1298 2452 1464 2485 arcem
1589 2449 1678 2498 145

169 2538 415 2587 Traxerat
442 2534 695 2592 attonitos,
723 2544 772 2583 et
794 2531 1019 2582 festinare
1043 2534 1258 2591 coaetos,

168 2633 443 2696 Tanquam
468 2631 529 2680 de
554 2631 714 2680 Cattis
737 2627 942 2693 aliquid,
960 2628 1206 2693 torvisque
1230 2627 1496 2679 Sicambris

172 2724 410 2780 Dicturus
427 2749 441 2783 ς
476 2739 713 2791 tanquam
739 2723 933 2776 diverfis
956 2724 1178 2789 partibus
1213 2724 1344 2774 orbis

1009 2824 1054 2874 C
1528 2823 1679 2873 Anx-
