1941 3363
400 268 821 356 JUVENALrs
870 266 1147 328 SATYRA
1201 272 1296 326 Vl.
1537 281 1615 343 51

125 407 283 466 Nulla
306 413 410 465 fere
432 413 572 466 causa
594 412 681 473 est,
717 412 769 463 in
792 422 892 478 qua
914 420 1013 462 non
1039 403 1249 461 foemina
1269 408 1415 459 litem

124 512 363 565 Moverit.
433 512 647 564 Accusat
670 512 904 572 Manilia,
927 511 961 562 fi
983 529 1062 562 rea
1081 528 1181 562 non
1204 509 1290 561 est.

127 611 459 676 Componunt
482 610 595 676 ipsae
621 627 706 676 per
731 610 793 668 se,
829 609 1148 674 formantque
1168 607 1379 667 libellos,

126 706 441 774 Principium
465 718 615 774 atque
637 708 771 760 locos
795 706 939 758 Celso
961 705 1147 756 didiae
1173 711 1370 771 paratae.

125 804 462 858 Endromidas
486 802 684 872 Tyrias,
721 815 771 855 et
796 803 1100 855 foemineum
1125 822 1325 856 ceroma
1535 806 1629 868 243

126 902 255 971 Qs
280 905 458 956 nescit?
494 905 569 956 vel
595 905 708 971 quis
733 921 834 954 non
855 902 983 954 vidit
1005 902 1208 954 vulnera
1232 903 1359 970 pali?

130 1001 301 1067 Qm
324 1007 464 1053 cavas:
487 1003 679 1053 afliduis
702 1001 921 1061 sudibus,
958 984 1198 1066 scutoque
1219 1000 1423 1061 laceffit,

131 1101 304 1166 Atque
326 1106 501 1150 omnes
527 1099 706 1165 implet
731 1115 987 1157 numer08‚
1022 1097 1306 1162 digniffima
1329 1097 1524 1165 prorsus

130 1195 316 1249 Florali
337 1204 566 1247 matrona
588 1195 726 1255 tuba,
762 1194 851 1245 nifi
875 1193 910 1245 fi
932 1194 1059 1260 quid
1081 1195 1133 1245 in
1156 1194 1245 1246 illo

132 1296 338 1347 Pestore
358 1294 470 1360 plus
494 1295 665 1358 agitat,
701 1311 927 1359 veraeque
947 1305 1149 1358 paratur
1171 1309 1343 1344 arenae'.
1545 1310 1639 1359 250

134 1393 308 1461 Qem
329 1387 552 1459 praestare
575 1391 734 1458 potest
757 1391 940 1442 mulier
961 1391 1150 1456 galeata
1172 1391 1437 1458 pudorem,

137 1489 265 1558 Qae
289 1488 423 1554 fugit
449 1507 475 1539 a
497 1488 634 1547 sexu,
667 1488 797 1538 vires
821 1486 983 1538 amat?
1018 1486 1126 1538 hffic
1151 1494 1320 1537 tamen
1344 1486 1446 1553 ipsa

134 1586 229 1637 Vir
251 1586 406 1637 nollet
431 1583 539 1636 fieri
560 1604 571 1636 :
608 1603 725 1636 nam
750 1584 996 1651 quantula
1018 1584 1182 1635 nostra
1205 1582 1458 1650 voluptas!

139 1685 301 1753 Qle
324 1683 481 1734 decus
495 1698 682 1743 rerum,
720 1682 754 1734 fi
777 1681 1006 1750 conjugis
1030 1683 1195 1734 audiio
1218 1681 1336 1733 fiat?

135 1782 353 1841 Balteus,
387 1789 438 1831 et
460 1780 686 1840 manicae,
721 1792 771 1832 et
802 1780 973 1841 cristae,
998 1780 1254 1847 crurisque·
1272 1780 1449 1832 finistri
1554 1800 1578 1833 2
1586 1800 1610 1848 5
1619 1799 1645 1849 5

139 1879 428 1933 Dimidium
451 1889 656 1942 tegmen
679 1897 691 1929 :
726 1879 803 1929 vel
822 1879 856 1929 fi
879 1878 1065 1930 diversa
1087 1879 1314 1932 movebit

139 1979 330 2039 Praelia,
366 1990 422 2029 tu
448 1976 593 2036 felix,
620 1986 786 2028 ocreas
807 1976 1052 2029 vendente
1074 1978 1256 2043 puella.

141 2079 240 2130 Hae
262 2078 389 2136 sunt,
424 2095 537 2143 quae
561 2078 697 2129 tenui
720 2077 894 2130 sudant
914 2078 968 2129 in
991 2072 1210 2144 cyclade,
1236 2098 1452 2145 quarum

140 2176 364 2231 Deficias
381 2188 433 2227 et
452 2175 750 2242 panniculus
769 2177 1102 2243 bombycinus
1128 2179 1244 2230 urit.

142 2275 325 2341 Aspice
347 2293 455 2341 quo·
477 2273 684 2326 fremitu
707 2276 1007 2328 monstratos
1029 2275 1242 2340 perferat
1266 2270 1422 2337 ifflm
1560 2282 1654 2330 260

145 2371 214 2424 Et
238 2385 428 2438 quanto
451 2372 602 2436 galeae
625 2387 860 2424 curvetur
881 2374 1130 2439 pondere3
1167 2388 1355 2441 quanta

147 2469 427 2535 Poplitibus
453 2469 614 2520 sedeat
625 2493 640 2528 ;
677 2489 834 2536 quam
863 2471 1010 2522 denso
1034 2471 1182 2523 fascia
1211 2472 1367 2533 libro;

148 2569 218 2620 Et
240 2567 359 2626 ride,
396 2566 653 2633 scaphium
677 2569 843 2635 positis
867 2588 988 2621 cum
1013 2571 1225 2621 sumitur
1248 2573 1415 2623 armis.

149 2666 320 2718 Dicite
344 2684 446 2725 VOS,
482 2680 654 2732 neptes
678 2668 876 2733 Lepidi,
911 2669 1088 2719 caecive
1111 2669 1328 2730 Metelli,

152 2761 384 2829 Gurgitis
408 2777 491 2816 aut
506 2765 667 2824 Fabii,
701 2783 811 2831 quae
834 2765 970 2816 ludia
992 2766 1252 2833 sumpserit
1277 2786 1502 2834 unquam
1573 2773 1633 2820 26
1641 2787 1665 2835 5

862 2864 913 2913 D
937 2882 962 2914 2
1560 2868 1673 2918 Hos
