1941 3363
732 193 1152 257 NoTAE.
1580 223 1707 289 217

221 345 366 393 -..171.
403 331 558 384 Mille
595 332 742 396 Ostia,
784 336 965 401 Caefizr.
1019 338 1185 391 Locus
1210 339 1294 393 hic
1320 341 1515 397 duobus
1542 350 1711 402 modis

187 425 348 490 potest
374 426 628 491 explicari,
666 441 721 479 ut
755 428 812 480 fit
848 430 1032 482 sensus:
1071 433 1121 482 O
1152 433 1327 495 Caesar‚
1367 436 1403 487 fi
1440 437 1709 505 Damafip-

185 538 313 586 pum
337 521 398 572 ad
422 522 550 573 bella
572 523 788 588 gerenda
814 542 864 575 es
888 527 1136 587 missurus,
1166 529 1302 580 mitte
1324 531 1434 593 ostia
1458 531 1572 596 ejus,
1599 534 1633 584 i-.
1660 553 1706 586 e.

183 614 291 665 noli
329 634 547 680 quaerere
593 617 958 684 Damafippum
997 620 1050 670 in
1095 621 1178 671 sua
1219 622 1391 682 domo,
1443 625 1561 690 quia
1605 620 1709 679 illic

182 727 287 761 non
311 710 547 771 invenies,
583 711 866 779 sedquaere
899 713 1045 764 illum
1079 714 1127 765 in
1164 716 1378 780 popiniS,
1415 719 1502 770 ubi
1536 721 1707 785 quoti-

182 805 264 856 die
302 806 531 858 verfatur.
601 808 671 858 Et
708 808 799 859 fic:
854 808 902 858 Ο
942 810 1120 869 Caesar,
1162 811 1526 880 Damasippum
1562 832 1703 881 potes

180 899 384 951 mittere
398 900 458 951 ad
481 901 622 952 Ostia
643 901 753 953 Istri
768 914 817 953 et
830 901 1016 962 Rheni,
1038 903 1270 970 quiajam
1289 918 1428 957 aetate
1453 909 1520 958 est
1539 913 1674 973 gravi
1685 936 1700 970 ς

181 994 263 1047 sed
288 994 322 1046 fi
346 996 416 1047 vis
441 1015 561 1049 eum
586 998 825 1056 invenire,
853 998 1030 1048 accede
1054 992 1116 1049 ad
1138 1001 1365 1065 popinas,
1393 1021 1512 1055 nam
1538 1006 1610 1057 ibi
1635 1009 1705 1060 est

178 1090 432 1159 frequen8‚
460 1106 517 1146 ut
541 1094 598 1145 fit
622 1093 886 1145 manifesta
908 1094 1062 1146 irrifio
1085 1096 1374 1148 nobilitatiS.
1444 1100 1644 1154 Britan.

246 1193 357 1252 267.
394 1190 644 1242 Matronis
662 1188 904 1253 lugendus.
957 1191 1130 1259 Qm
1155 1204 1436 1253 mortuum,
1460 1206 1704 1262 tanquam

177 1286 421 1348 nobilem,
447 1306 638 1339 annum
659 1300 899 1340 matronae
921 1288 1178 1355 lugebant.
1230 1289 1373 1342 Male
1395 1303 1497 1343 vet.
1523 1292 1699 1361 interp.

175 1384 264 1450 qui
289 1384 446 1436 aliter.
517 1387 709 1448 Grang.

245 1500 355 1548 203.
391 1485 497 1535 Nec
526 1483 666 1547 galea
687 1482 909 1550 frontem
945 1482 1194 1547 abstondz't.
1262 1484 1342 1536 Eo
1372 1484 1699 1551 impudentiae

176 1577 418 1630 deveniffe
441 1578 633 1630 nobiles
657 1580 726 1631 ait
748 1581 904 1632 Poeta
927 1591 984 1631 ut
1007 1579 1179 1630 omnia
1211 1578 1339 1632 facie
1365 1594 1532 1647 aperta
1552 1601 1697 1650 pera-

171 1686 310 1741 gant.
382 1675 620 1727 Gaudent
642 1675 892 1740 cognosci.
963 1673 1166 1726 Britan.

659 1841 795 1892 AD
863 1840 1075 1891 SAT.
1144 1840 1241 1892 IX.

235 1958 356 2009 Ver.
386 1973 410 2023 5
417 1974 462 2023 3.
499 1955 745 2008 Faeminezk
771 1953 1004 2008 Calendis.
1032 1954 1064 2005 i.
1090 1972 1130 2004 e.
1157 1953 1374 2006 MartiiS.

174 2032 187 2052 ⁸
240 2057 319 2120 56.
344 2050 606 2117 Trifolinus
625 2067 756 2114 ager.
791 2050 1101 2115 Campanus,
1122 2066 1148 2098 a
1164 2049 1408 2115 Juvenale
1424 2050 1493 2102 ita
1509 2050 1689 2114 dictus,

171 2149 313 2223 quod
335 2150 450 2201 vina
472 2147 621 2198 ferret
643 2144 878 2211 trfilina,
904 2144 1004 2195 hoc
1028 2144 1114 2202 est,
1145 2162 1256 2209 quae
1282 2145 1428 2197 tertio
1450 2146 1692 2201 foliorum

170 2257 366 2305 exortU,
407 2261 593 2308 nempe
627 2242 775 2294 tertio
811 2259 942 2292 anno
976 2239 1038 2290 ad
1077 2238 1357 2290 bibendum
1399 2242 1690 2307 tempestiva

168 2326 352 2398 forent,
377 2356 597 2405 quorum
621 2336 857 2387 meminit
882 2334 1010 2385 Plin.
1031 2332 1121 2383 lib.
1149 2351 1223 2393 14.
1250 2351 1359 2398 cap.
1379 2337 1424 2385 6.
1462 2336 1654 2400 Grang.

236 2442 315 2486 88.
341 2437 416 2488 Et
440 2433 569 2486 dulce
591 2433 832 2485 caducum.
881 2433 1041 2483 Hunc
1072 2430 1264 2487 locum,
1300 2429 1420 2494 quia
1454 2447 1482 2479 a
1517 2433 1688 2495 paucis

168 2533 485 2586 intellectum
524 2533 802 2599 explicabo,
885 2531 1077 2583 Filium
1130 2545 1192 2580 ex
1235 2545 1389 2578 uxore
1435 2529 1688 2581 sublatum

168 2642 318 2683 tuum
341 2628 517 2692 fecisti,
547 2628 690 2698 cujus
721 2628 888 2682 uxoris
918 2626 1162 2681 beneficio
1186 2630 1307 2685 civis
1330 2630 1551 2683 Romani
1572 2629 1683 2682 fru-

1589 2744 1682 2779 eris
