1941 3363
284 190 411 252 208
832 186 1252 249 NOTAE.

277 335 419 402 quod
442 347 619 403 captus
643 333 778 394 esset,
802 333 1125 401 injudicium
1146 335 1284 402 quod
1301 337 1412 403 capi
1434 338 1672 403 noluerit,
1696 354 1747 395 et
1769 358 1799 395 a

273 444 418 484 tanto
442 444 653 498 tyranno
680 444 730 483 et
752 432 975 484 monstro
1002 433 1210 484 absumi.
1257 434 1449 484 Verum
1471 434 1680 501 sequens
1704 457 1796 491 ex-

272 531 479 597 plicatio
500 530 826 582 concinnior:
857 529 953 582 hac
976 530 1231 596 piscatoris
1251 531 1385 597 turpi
1409 532 1692 587 adulatione
1710 537 1791 587 ni-

270 629 346 681 hil
367 628 576 696 potuiffe
598 627 690 680 effe
715 630 931 695 apertius
958 641 1010 681 et
1032 627 1380 688 manifestius3
1408 642 1457 681 et
1480 643 1653 684 tamen
1676 633 1793 685 Do-

272 728 512 781 mitianus
532 728 655 779 adeo
670 727 875 779 stolidus
899 740 1020 788 erat,
1047 740 1103 780 ut
1121 727 1216 779 hac
1230 738 1337 778 tam
1354 726 1536 793 frigida
1548 731 1797 783 adulatio-

269 844 335 878 ne
357 826 513 878 elatus
537 838 587 878 et
606 825 844 893 superbus
864 826 1098 878 animum
1116 825 1382 886 attolleret,
1405 825 1628 893 falsaque
1643 828 1791 881 laude

267 924 642 977 intumesceret.
683 924 865 977 Lubin.

340 1042 450 1090 103.
486 1022 708 1076 Barbato
742 1022 972 1087 imponere
1008 1021 1127 1085 regi.
1189 1021 1509 1087 Simplicibus
1535 1022 1790 1083 moribu83

261 1119 328 1173 fic
363 1122 504 1172 enim
525 1119 790 1186 proverbio
813 1118 1128 1185 appellabant
1148 1116 1381 1169 homines
1405 1117 1664 1170 rusticanae
1693 1138 1784 1172 ve-

267 1218 444 1279 ritati5‚
477 1230 527 1270 et
550 1217 813 1285 simplices,
838 1215 1081 1268 barbatos.
1120 1216 1312 1279 Grang.

339 1319 447 1368 116.
483 1318 544 1369 A
558 1325 706 1382 ponte
721 1312 930 1379 stetelles.
979 1312 1204 1364 Pofitum
1226 1332 1370 1365 more
1393 1312 1624 1381 adjectivi
1649 1313 1790 1381 quod

258 1412 414 1478 pauci
435 1412 671 1464 notarint.
722 1407 1103 1460 Observandum
1128 1409 1180 1459 in
1212 1409 1389 1474 primis
1412 1410 1592 1461 eadem
1616 1407 1784 1461 forma

265 1506 465 1560 dicendi
488 1525 590 1574 qua
612 1506 814 1564 dicitur,
841 1502 1082 1568 afferetis
1106 1505 1203 1555 &a

262 1611 267 1613 ’
336 1624 355 1656 1
368 1621 446 1657 22.
482 1603 573 1657 Ad
589 1602 775 1656 velaria
795 1612 973 1667 raptos.
1000 1600 1395 1667 Interpreteshic
1412 1619 1512 1652 non
1526 1601 1677 1654 audio
1690 1601 1783 1669 qui

266 1699 455 1753 velaria
471 1699 645 1763 locum
663 1698 755 1751 effe
779 1697 992 1749 afferunt
1007 1696 1096 1748 ubi
1121 1697 1227 1748 vela
1248 1696 1605 1749 reconduntur.
1656 1699 1789 1759 Im0,

264 1797 416 1850 aliam
439 1813 534 1864 ego
549 1798 720 1850 lucem
737 1797 820 1856 do,
846 1808 896 1847 et
917 1796 986 1847 ita
1008 1795 1184 1862 capio:
1213 1795 1347 1860 quasi
1372 1795 1585 1846 laudarit
1610 1807 1661 1846 et
1683 1794 1790 1847 stu-

261 1894 428 1963 puerit
448 1896 674 1948 adulator
691 1893 790 1953 ille,
811 1892 947 1958 quod
967 1892 1097 1943 ludis
1113 1891 1434 1956 gladiatoriiS,
1456 1891 1598 1957 pueri
1616 1909 1643 1942 e
1660 1910 1788 1957 peg-

264 2014 401 2053 mate
427 1998 590 2050 subito
621 1998 675 2047 in
703 1994 883 2052 altum,
912 1992 1112 2044 occulta
1146 1992 1365 2058 quadam
1395 1989 1633 2042 machina
1661 1993 1790 2058 rapti

265 2099 377 2156 sint,
404 2108 455 2148 et
478 2094 540 2146 ad
563 2094 670 2145 vela
692 2092 808 2158 ipsa.
847 2092 972 2142 Sane
997 2090 1183 2156 recepti
1206 2089 1259 2140 in
1286 2086 1692 2154 Amphitheatris
1712 2101 1789 2141 ta-

262 2198 334 2250 les
358 2192 744 2258 lusus,.talesque
767 2203 952 2256 raptus.
1017 2187 1122 2239 Vid.
1147 2185 1339 2240 Admir.
1368 2187 1504 2237 Rom.
1535 2185 1665 2238 Tem.
1693 2184 1738 2239 '2.

338 2316 445 2362 149.
481 2295 649 2348 Anxia
674 2290 924 2358 praecipiti
950 2289 1049 2340 ἷξε.
1098 2286 1334 2346 Adversa,
1368 2286 1543 2352 pennis
1573 2271 1803 2351 epistolae'

264 2394 461 2452 additis,
486 2392 608 2442 ficut
638 2389 867 2456 prospera
898 2384 1059 2435 aureis
1093 2382 1243 2433 ramis
1274 2379 1697 2446 significabantur,
1738 2392 1789 2433 et

259 2469 637 2543 nuntiabantur.
706 2483 918 2548 Dempst.
960 2479 1134 2532 Caelius
1172 2477 1430 2542 Rodzginus
1459 2477 1521 2527 ad
1563 2477 1783 2529 celerita-

266 2598 359 2641 tem
383 2583 549 2637 refert.
583 2580 672 2632 lib.
702 2596 744 2631 2.
773 2595 880 2643 capt
913 2594 987 2627 20,
1027 2592 1145 2627 nam
1168 2572 1313 2626 altius
1343 2584 1395 2627 et
1424 2572 1570 2626 citius
1599 2572 1653 2623 in
1679 2570 1788 2622 ani-

1641 2681 1790 2716 mum
