1941 3363
252 251 380 328 164
679 249 936 310 PERsn
987 246 1259 307 SATYRA
1308 254 1351 305 Ι.

727 447 1217 511 SATYRA
1281 449 1328 508 Ι.

421 591 581 642 Curas
603 589 876 640 hominum
893 587 909 657 1,
931 587 962 638 ὂ
987 598 1236 653 quantum
1259 585 1330 637 est
1351 585 1404 637 in
1427 585 1573 636 rebus
1598 580 1775 651 inane!

435 687 563 755 Qs
582 686 714 751 leget
730 684 870 736 haec?
894 685 1018 736 min'
1036 696 1093 736 tu
1109 684 1242 736 istud
1259 683 1358 736 ais?
1384 701 1537 735 nemo
1553 681 1773 735 hercule.

509 783 682 835 Nemo
699 782 718 831 ἒ

248 877 346 928 Vel
370 877 488 937 du0,
514 876 591 927 vel
614 892 785 926 nemo.
853 874 1049 941 Turpe,
1073 887 1124 927 et
1147 870 1440 927 miserabile.
1468 871 1653 940 quare?

249 975 335 1028 Ne
362 975 491 1027 mihi
514 975 828 1042 PolydamaS,
854 987 905 1026 et
930 976 1175 1027 Tro‘i'ades
1197 975 1492 1027 Labeonem

247 1070 580 1121 Praetulerint.
648 1069 835 1134 Nugae.
905 1067 1046 1127 Non,
1071 1068 1107 1119 fi
1130 1069 1254 1134 quid
1278 1067 1478 1120 turbida
1500 1067 1671 1117 Roma
1747 1079 1775 1129 5

250 1164 449 1226 Elevet‚
474 1160 701 1216 accedas:
728 1181 1000 1215 examenve
1024 1164 1319 1230 improbum
1342 1163 1396 1214 in
1422 1162 1507 1213 illa

250 1258 471 1322 Castiges
496 1257 705 1309 trutina:
732 1275 823 1307 nec
847 1269 895 1307 te
922 1246 1200 1322 quaefiveris
1226 1268 1381 1308 extra.

249 1351 394 1403 Nam
419 1354 598 1405 Romae
627 1353 738 1420 quis
764 1351 900 1404 non?
927 1351 1010 1410 ah,
1037 1352 1073 1402 fi
1094 1350 1168 1402 fas
1194 1351 1378 1402 dicere!
1405 1350 1487 1402 sed
1508 1350 1583 1402 fas

250 1447 405 1498 Tunc
425 1465 545 1498 cum
569 1448 629 1498 ad
645 1447 893 1499 *canitiem
916 1445 1142 1497 nostrum
1164 1444 1296 1497 istud
1320 1446 1482 1498 vivere
1506 1444 1645 1497 triste*

251 1543 459 1609 Aspexi,
485 1556 534 1593 et
560 1542 775 1594 nucibus
799 1540 1011 1593 facimus
1037 1559 1376 1607 quaecumque
1400 1541 1584 1592 relictis
1721 1557 1778 1590 to

251 1641 394 1691 Cum
415 1639 631 1704 sapimus
659 1650 881 1703 patrUOS‚
908 1649 1048 1696 tune,
1071 1649 1193 1688 tunc
1217 1636 1473 1702 ignoscite.
1542 1635 1698 1688 Nolo·

256 1736 400 1800 Qd
423 1735 638 1786 faciam?
663 1734 746 1785 sed
768 1733 878 1784 sum
900 1732 1144 1798 petulanti
1169 1731 1334 1797 splene
1358 1731 1626 1783 cachinno,

257 1837 534 1887 Scribimus
559 1834 752 1894 inclusi,
777 1850 1016 1884 numeros
1041 1831 1143 1891 ille,
1165 1830 1250 1882 hic
1275 1831 1401 1898 pede
1426 1832 1569 1892 liber,

257 1933 463 1984 Grande
482 1932 688 1998 aliquid,
714 1929 853 1997 quod
876 1929 1053 1995 pulmo
1077 1929 1255 1980 animae
1275 1929 1541 1995 praelargus
1559 1928 1777 1982 anhelet.

257 2033 457 2084 Scilicet
480 2031 586 2082 haec
611 2029 821 2096 popu10,
848 2028 1118 2095 pexusque,
1143 2039 1362 2093 togaque
1387 2028 1593 2089 recenti,
1721 2046 1778 2096 15

256 2131 328 2181 Et
353 2129 573 2180 natalitia
596 2126 801 2178 tandem
825 2143 946 2177 curn
969 2123 1272 2189 sardonyche
1297 2123 1454 2183 albus,

255 2225 380 2278 Sede
404 2226 538 2291 leges
561 2223 700 2283 celsa,
724 2223 918 2289 liquido
941 2240 1060 2274 cum
1084 2220 1321 2287 plasmate
1345 2233 1523 2287 guttur

255 2324 460 2380 Mobile
484 2322 737 2382 collueriS,
755 2322 974 2388 patranti
996 2319 1181 2372 frafius
1205 2321 1380 2372 ocello.

255 2422 364 2473 Hic
387 2438 550 2487 neque
571 2437 712 2471 more
736 2418 895 2483 probo
918 2417 1099 2474 videas,
1123 2436 1285 2483 neque
1307 2436 1428 2470 voce
1452 2419 1619 2470 serena

255 2522 494 2586 Ingentes
516 2518 763 2585 trepidare
782 2516 953 2575 Titos,
975 2535 1097 2567 cum
1123 2518 1347 2568 carmina
1369 2518 1612 2570 lumbum
1720 2537 1782 2574 20

257 2619 470 2679 Intrant,
496 2632 545 2671 et
571 2617 787 2670 tremulo
810 2617 1096 2682 scalpuntur
1119 2616 1205 2666 ubi
1231 2616 1411 2668 intima
1433 2619 1589 2669 versu.

257 2715 310 2766 T
316 2717 414 2776 un’,
442 2715 622 2776 vetule,
646 2712 880 2766 auriculis
906 2710 1076 2763 alienis
1099 2711 1295 2777 colligis
1319 2712 1482 2766 escas?

1506 2810 1777 2871 Auriculis,
