1941 3363
447 214 870 306 JUVENALIS
922 225 1199 293 SATYRA
1244 232 1339 294 IV.
1581 252 1662 319 29·

144 367 434 422 Succinctus
457 371 617 438 patria
634 374 892 439 quondam
909 376 1136 444 Crispine
1152 397 1357 447 papyro,

143 462 264 519 Hoc
284 467 503 534 pretium
524 468 776 535 squamae?
811 473 977 538 potuit
999 472 1195 526 fortaffe
1217 477 1428 531 minoris
1592 497 1618 530 2
1626 496 1652 545 ς
1670 517 1673 519 -

142 561 378 624 Piscator,
402 582 558 631 quam
578 565 721 632 piscis
746 569 864 620 emi.
901 569 1164 623 Provincia
1186 573 1314 626 tanti

141 657 334 712 Vendit
356 679 497 728 agros
514 687 529 723 ς
566 664 647 716 sed
664 663 874 732 majores
899 660 1088 732 Apulia
1109 669 1299 722 vendit.

143 756 330 826 Qales
357 772 479 812 tunc
502 761 671 827 epulas
694 761 858 828 ipsum
880 762 1075 828 glutisse
1096 777 1333 830 putemus

139 852 571 921 Induperatorem,
597 875 717 908 cum
741 869 816 909 tot
842 857 1072 919 sestertia,
1094 873 1292 925 partem

140 950 413 1015 Exiguam,
443 963 494 1002 et
516 951 727 1003 modicae
749 951 1004 1018 sumptam
1036 953 1099 1005 de
1122 955 1351 1022 margine
1368 976 1541 1025 coenae,

139 1047 426 1115 Purpureus
444 1047 616 1113 magni
644 1049 858 1099 ructaret
882 1048 1044 1102 scurra
1067 1050 1259 1111 Palati,
1587 1073 1643 1121 31

138 1143 257 1210 Jam
279 1145 509 1212 princeps
528 1145 777 1211 equitum,
801 1164 988 1213 magna
1015 1147 1103 1213 qui
1128 1166 1249 1201 voce
1273 1148 1457 1204 solebat

137 1241 368 1294 Vendere
394 1242 675 1309 municipes
695 1244 848 1295 fracta
866 1244 927 1296 de
950 1262 1117 1296 merce
1149 1244 1348 1297 filuros!

136 1339 312 1404 Incipe
333 1339 575 1406 Calliope,
597 1339 713 1392 licet
743 1340 828 1392 hic
851 1341 1129 1393 confidere:
1166 1360 1269 1394 non
1297 1343 1368 1395 est

139 1435 495 1499 Cantandum5
531 1453 605 1489 res
622 1454 734 1489 vera
758 1438 937 1503 agitur,
960 1451 1152 1490 narrate
1174 1439 1352 1505 puellae
1586 1459 1613 1507 3
1623 1458 1648 1508 ς

138 1533 356 1587 Pierides
376 1559 392 1595 ;
428 1535 579 1601 profit
601 1533 732 1587 mihi
755 1553 841 1587 vos
865 1536 1036 1588 dixiffe
1064 1536 1270 1602 puellas,

139 1630 397 1698 Cumjam
418 1631 770 1684 semianimum
788 1632 1024 1685 laceraret
1041 1634 1240 1686 Flavius
1258 1632 1436 1709 orbem

138 1729 386 1789 Ultimus,
411 1743 460 1782 et
482 1730 624 1781 calvo
647 1729 843 1782 serviret
867 1731 1034 1782 Roma
1055 1729 1272 1790 Neroni,

136 1828 323 1880 Incidit
342 1827 545 1879 Adriaci
569 1827 781 1894 spatium
805 1827 1095 1879 admirabile
1120 1827 1342 1886 rhombi,
1584 1847 1645 1894 39

137 1927 275 1990 Ante
299 1927 516 1977 domum
539 1925 762 1984 VeneriS,
785 1943 940 1992 quam
963 1924 1152 1976 Dorica
1175 1923 1373 1976 sustinet
1390 1925 1592 1983 Ancon,

138 2023 472 2090 Implevitque
496 2023 624 2074 finus
646 2041 657 2073 :
694 2039 857 2088 neque
877 2021 1015 2072 enim
1033 2021 1199 2072 minor
1222 2019 1425 2073 haeserat
1450 2020 1560 2079 illis,

140 2123 284 2191 Qs
302 2121 463 2188 operit
481 2121 658 2185 glacies
682 2119 936 2178 Maeotica,
962 2131 1207 2184 ruptaque
1231 2116 1435 2168 tandem

138 2218 336 2269 Solibus
361 2216 573 2269 effundit
590 2215 830 2283 torpentis
853 2215 915 2266 ad
938 2214 1059 2265 ostia
1081 2214 1232 2263 Ponti

138 2312 341 2365 Desidia
363 2313 547 2371 tardOS,
578 2325 627 2364 et
650 2312 803 2376 longo
829 2310 1015 2377 frigore
1033 2310 1261 2375 pingueS.

139 2410 369 2462 Destinat
391 2409 489 2461 hoc
515 2407 795 2460 monstrum
811 2405 1006 2472 cymbae
1037 2405 1226 2470 linique
1249 2404 1481 2469 magister
1582 2421 1644 2469 45

140 2504 375 2558 Pontifici
400 2506 615 2556 summo.
654 2503 781 2571 Qs
805 2503 943 2553 enim
966 2518 1242 2566 proponere
1267 2500 1436 2559 talem,

140 2605 251 2654 Aut
274 2619 439 2653 emere
462 2601 681 2659 auderet,
705 2617 825 2650 cum
850 2599 996 2664 plena
1017 2609 1066 2648 et
1088 2597 1255 2646 littora
1279 2597 1440 2648 multo

139 2697 377 2751 Delatore
401 2697 565 2750 forent
590 2697 606 2747 ?
642 2695 836 2761 dispersi
853 2695 1078 2761 protinus
1098 2692 1218 2757 algae

1556 2786 1643 2837 In-
