1941 3363
304 224 436 288 154
620 201 1045 287 JU'VENALis'
1090 200 1367 262 SATYRA
1412 208 1560 264 XVI.

291 348 554 416 Expiravit
575 362 691 410 aper
713 341 913 409 majoris
938 341 1173 394 dentibus
1197 341 1336 407 apri?

292 446 466 497 Indica
488 442 627 505 tigris
651 440 755 504 agit
778 438 949 491 rabida
971 456 1094 490 cum
1116 437 1295 503 trigide
1319 455 1500 505 pacem

290 544 624 608 Perpetuam:
659 536 791 588 saevis
814 535 945 587 inter
966 534 1014 586 se
1036 535 1271 585 convenit
1297 533 1435 585 urfis.

290 636 383 690 Ast
404 634 604 686 homini
627 630 818 682 ferrum
840 629 1024 681 lethale
1046 627 1227 679 incude
1255 627 1468 681 nefanda
1713 633 1769 680 16
1776 640 1802 696 ς

286 728 574 788 Produxiffe
597 746 775 795 parum
798 725 883 786 est,
909 744 1030 778 cum
1054 726 1202 779 rastra
1224 737 1273 776 et
1294 725 1481 776 sarcula
1505 736 1705 777 tantum

287 830 480 886 Affueti
503 844 736 893 coquere,
761 837 811 876 et
834 824 1007 877 marris
1035 842 1091 874 ac
1112 841 1313 875 vomere
1336 821 1458 881 laffi,

289 925 575 981 Nescierint
597 922 750 990 primi
773 920 962 986 gladios
983 920 1226 972 excudere
1249 918 1396 970 fabri.

289 1025 576 1092 Aspicimus
598 1020 826 1087 popu108‚
853 1036 1073 1084 quorum
1097 1035 1197 1068 non
1221 1017 1401 1068 sufficit
1424 1016 1507 1068 irae

289 1117 536 1173 Occidiffe
557 1117 808 1181 aliquem3
846 1114 926 1165 sed
948 1116 1165 1180 pestem,
1197 1112 1417 1172 brachia,
1443 1112 1643 1163 vultum
1714 1128 1805 1177 170

289 1216 608 1271 Crediderint
631 1230 787 1278 genus
811 1211 904 1263 effe
926 1211 1045 1266 cibi.
1115 1212 1256 1280 Qd
1279 1212 1468 1263 diceret
1490 1229 1628 1275 erg0,

287 1314 385 1366 Vel
408 1310 511 1380 quo
535 1329 637 1363 non
659 1309 874 1375 fugeret,
899 1309 934 1363 si
953 1327 1088 1361 nunc
1110 1308 1220 1360 haec
1246 1308 1464 1361 monstra
1486 1307 1677 1359 videret

287 1407 613 1474 Pythagora5‚
638 1404 832 1455 cunetis
857 1404 1156 1455 animalibus
1179 1404 1414 1455 abstinuit
1438 1404 1530 1470 qui

288 1507 563 1573 Tanquam
575 1502 804 1564 homine,
819 1514 869 1553 et
878 1502 1038 1554 ventri
1054 1501 1257 1553 indulsit
1271 1520 1372 1553 non
1385 1518 1539 1554 omne
1551 1497 1820 1566 legumen?

713 1666 750 1727 s
772 1668 830 1732 A
852 1618 985 1727 ΤΥ
1008 1667 1067 1727 R
1092 1668 1160 1731 A.
1199 1666 1365 1730 xvi.

435 1797 564 1849 UIS
601 1813 863 1848 numerare
885 1807 1038 1861 queat
1061 1793 1220 1847 felicis
1245 1796 1467 1861 praemia‚
1489 1794 1661 1854 Galle,

468 1890 706 1945 Militiae?
740 1908 860 1941 nam
884 1890 918 1941 s1
943 1890 1211 1942 subeantur
1231 1890 1464 1957 prospera
1487 1891 1658 1952 castra,

286 1989 381 2041 Me
403 1987 642 2054 pavidum
668 1984 885 2051 excipiat
909 1997 1140 2050 tyronem
1163 1997 1308 2051 porta
1330 1985 1546 2061 secundo

288 2085 478 2143 Sidere:
515 2084 625 2151 plus
651 2084 841 2135 etenim
863 2082 954 2141 fati
977 2082 1106 2135 valet
1127 2082 1248 2134 hora
1269 2083 1494 2148 benigni,

286 2184 462 2251 Qam
483 2182 518 2233 fi
542 2199 631 2232 nos
655 2179 864 2231 Veneris
883 2180 1210 2231 commendet
1232 2180 1434 2246 epistola
1456 2181 1635 2241 Marti,
1775 2199 1803 2248 ς

284 2279 355 2330 Et
377 2278 542 2330 Samia
564 2277 794 2342 genetrix
816 2295 930 2342 quae
958 2275 1230 2328 delcetatur
1252 2295 1414 2331 arena.

285 2374 573 2426 Commoda
597 2373 865 2423 traetemus
893 2371 1119 2434 primum
1139 2374 1452 2435 communia,
1484 2392 1704 2439 quorum

288 2468 444 2523 Haud
470 2467 746 2519 minimum
771 2466 896 2516 illud
917 2467 1026 2523 erit,
1051 2485 1114 2517 ne
1138 2479 1187 2518 te
1210 2468 1399 2533 pulsare
1422 2482 1621 2535 togatus

285 2563 515 2616 Audeat:
552 2562 715 2612 immo
740 2573 789 2611 et
813 2560 848 2610 fi
874 2560 1112 2626 pulsetur,
1137 2562 1425 2624 dissimulet,
1450 2583 1543 2618 nec

285 2658 484 2712 Audeat
506 2655 726 2720 excuss‘os
751 2655 948 2721 praetori
971 2655 1224 2719 ostendere
1251 2656 1440 2720 dentes,
1744 2682 1809 2715 ια

1730 2761 1802 2816 Et
