1941 3363
482 185 909 272 JUVENALIS
958 184 1244 249 SATYRA
1276 184 1350 249 II.

138 336 259 387 Non
279 335 439 387 sumet
462 336 698 392 damnata
721 346 912 402 togam.
948 334 1043 386 Sed
1065 335 1232 402 Julius
1256 336 1414 396 ardet,

137 435 331 486 AEstuo.
383 433 568 485 Nudus
592 450 724 497 agua,
752 433 920 484 minus
945 433 1015 485 est
1038 432 1226 486 insania
1248 435 1426 501 turpis.

138 533 218 584 En
244 531 496 590 habitum,
517 549 619 598 quo
644 543 692 581 te
716 530 850 596 leges
879 529 1065 598 acjura
1087 531 1334 584 ferentem

139 630 443 682 Vulneribus
467 631 630 681 crudis
657 630 871 697 populus
898 630 1054 681 modo
1076 631 1248 692 victor,
1271 645 1322 685 et
1344 633 1468 686 illud

138 732 453 783 Montanum
478 729 643 796 positis
671 728 861 779 audiret
877 728 1057 794 vulgus
1083 731 1270 782 aratris,

140 832 279 902 Qd
306 832 323 882 ?
359 850 459 883 non
489 830 784 895 proclameS,
809 830 862 883 in
885 831 1288 898 corporejudicis
1303 832 1392 885 ista

141 933 190 983 Si
217 931 414 982 videas?
449 947 636 996 quaem,
662 946 725 978 an
744 927 955 980 deceant
979 930 1202 982 multitia
1218 932 1435 985 testem?

139 1033 289 1089 Acer,
316 1040 365 1079 et
389 1027 685 1085 indomituS,
704 1025 1042 1092 libertatisque
1064 1029 1301 1094 magister

140 1128 357 1186 Cretice,
385 1126 618 1193 pelluceS.
655 1126 812 1178 Dedit
829 1125 963 1178 hanc
984 1127 1222 1194 contagio
1241 1128 1427 1193 labem,

139 1229 208 1279 Et
235 1227 372 1279 dabit
396 1228 446 1278 in
470 1227 634 1293 plures
656 1246 668 1277 ε
716 1225 840 1277 ficut
863 1243 988 1292 grex
1012 1237 1147 1279 totus
1175 1228 1227 1280 in
1254 1231 1385 1296 agris

139 1325 305 1376 Unius
324 1323 483 1376 scabie
508 1324 658 1383 cadit,
682 1334 732 1375 et
754 1322 1007 1389 porrigine
1027 1325 1200 1390 porci3

139 1425 353 1489 Uvaque
376 1422 639 1488 conspecta
652 1422 863 1473 livorem
880 1421 1020 1474 ducit
1043 1422 1106 1474 ab
1131 1442 1246 1476 uva.

140 1521 344 1574 Foedius
367 1520 465 1572 hoc
500 1520 686 1586 aliquid
710 1519 1013 1587 quandoque
1037 1521 1242 1574 audebis
1260 1523 1475 1578 amictu:

140 1619 317 1671 Nemo
341 1631 544 1686 repente
568 1618 666 1670 fuit
689 1619 1014 1685 turpiffimus.
1073 1620 1343 1687 Accipient
1365 1634 1417 1674 te

142 1718 411 1777 Paulatim,
437 1718 525 1783 qui
548 1716 700 1782 longa
721 1717 862 1768 domi
886 1717 1183 1769 redimicula
1205 1718 1413 1772 sumunt

142 1816 436 1874 Frontibus,
460 1827 508 1865 et
530 1826 639 1865 toto
664 1813 871 1879 posuere
894 1813 1108 1865 monilia
1129 1813 1278 1874 collo,

142 1916 317 1980 Atque
341 1914 536 1964 Bonam
561 1925 741 1964 tenerae
764 1912 965 1979 placant
988 1912 1259 1964 abdomine
1277 1931 1459 1979 porcae,

141 2012 212 2062 Et
235 2028 421 2075 magno
446 2022 635 2061 cratere
660 2010 829 2065 Deam
855 2029 868 2061 ε
915 2009 997 2060 sed
1023 2027 1164 2060 more
1186 1986 1378 2063 sinistro

141 2107 410 2175 Exagitata
431 2105 606 2173 procul
629 2123 733 2157 non
755 2106 908 2158 intrat
936 2105 1148 2157 foemina
1169 2105 1347 2159 limen.

145 2205 269 2257 Solis
296 2224 377 2256 ara
395 2206 533 2257 Deae.
544 2203 765 2256 maribus
789 2216 926 2270 patet
947 2204 956 2255 !
994 2204 1070 2255 Ite
1093 2203 1346 2270 profanae!

144 2305 407 2356 Clamatur
431 2322 444 2356 :
488 2303 629 2355 nullo
653 2304 814 2369 gemit
835 2304 920 2357 hic
944 2304 1153 2357 tibicina
1175 2323 1352 2360 cornU.

143 2404 292 2455 Talia
316 2403 498 2455 secreta
520 2402 784 2455 coluerunt
804 2403 962 2470 Orgia
984 2404 1113 2456 taeda

146 2502 446 2568 Cecropiam
469 2501 599 2553 soliti
621 2502 790 2568 Baptae
810 2501 978 2553 laffare
1000 2503 1228 2569 CotyttO.

145 2598 236 2656 Ille
253 2598 574 2665 supercilium
597 2600 798 2652 madida
819 2600 1032 2666 fuligine
1053 2604 1249 2654 tactum

149 2695 372 2763 Obliqua
395 2697 628 2763 producit
654 2717 763 2760 acu,
791 2698 1056 2766 pingitque
1079 2710 1351 2754 trementes

1569 209 1648 257 11

1588 352 1655 401 70

1591 849 1654 903 75

1593 1331 1659 1383 80

1598 2325 1663 2374 90

1488 2791 1659 2844 Attol-
