1941 3363
243 195 323 256 88
556 193 970 279 JUVENALrs
1018 191 1277 253 SATYRA
1324 200 1470 255 VIII.

240 339 291 391 Si
312 339 473 391 lentus
497 337 637 403 pigra
659 336 878 387 muniret
900 336 1052 386 castra
1074 334 1289 386 dolabra.

241 433 345 484 Hic
368 443 536 482 tamen
557 442 604 480 et
626 430 877 488 Cimbros,
913 442 962 480 et
982 429 1176 480 summa
1197 428 1415 494 pericula
1435 444 1600 478 rerum

242 528 467 594 Excipit,
503 539 553 577 et
575 525 700 577 solus
722 524 1053 589 trepidantem
1076 524 1293 589 protegit
1317 525 1512 574 urbem.
1646 540 1673 572 2
1681 539 1743 588 50

242 622 552 689 Atqueideo,
568 620 833 687 postquam
841 620 901 670 ad
911 619 1144 670 Cimbros
1155 617 1471 685 stragemque
1480 617 1726 678 volabant,

245 721 353 788 Q
376 737 636 785 nunquam
660 719 923 781 attigerant
952 713 1138 780 majora
1162 716 1412 777 cadavera,
1448 716 1600 775 corvi,

242 814 446 866 Nobilis
471 829 672 866 ornatur
696 814 835 865 lauro
857 813 1046 880 collega
1068 813 1295 865 secunda.

244 909 456 961 Plebeiae
480 910 759 960 Deciorum
781 909 975 966 animae,
1000 908 1190 972 plebeia
1209 907 1413 959 fuerunt

246 1005 504 1058 Nomina:
540 1024 631 1072 pro
654 1005 770 1057 totis
795 1004 1077 1068 legionibus
1100 1003 1152 1054 hi
1177 1015 1361 1064 tamen,
1396 1016 1445 1056 et
1466 1023 1558 1071 pro
1653 1023 1678 1055 2
1687 1021 1711 1070 5
1720 1025 1744 1074 5

249 1102 505 1155 Omnibus
527 1102 737 1159 auxiliis,
774 1113 924 1165 atque
948 1099 1090 1149 omni
1113 1099 1245 1164 pube
1269 1100 1448 1150 Latina

251 1196 515 1247 Sufficiunt
538 1195 634 1246 Dis
659 1193 884 1251 inferniS,
919 1192 1187 1258 Terraeque
1212 1194 1422 1257 parenti.

250 1292 409 1344 Pluris
434 1292 570 1343 enim
590 1290 754 1348 Decii,
790 1282 1062 1354 quam'qui
1086 1287 1334 1338 servantur
1357 1288 1418 1338 ab
1437 1288 1552 1340 illis.

251 1389 450 1442 Ancilla
474 1400 618 1440 natus
645 1388 882 1445 trabeam,
917 1397 966 1437 et
989 1385 1215 1436 diadema
1242 1385 1461 1456 Qrini,

247 1487 319 1537 Et
339 1483 506 1543 fasces,
542 1482 727 1534 meruit
751 1499 927 1545 regum
952 1479 1161 1531 ultimus
1183 1478 1266 1529 ille
1289 1480 1555 1533 bonorum.
1658 1487 1753 1535 260

249 1579 452 1631 Prodita
473 1578 705 1629 laxabant
728 1587 987 1641 portarum
1011 1572 1218 1624 claustra
1241 1576 1457 1640 tyrannis

250 1673 499 1726 Exulibus
512 1672 721 1737 juvenes
745 1669 891 1736 ipfius
914 1667 1143 1727 consulis,
1179 1680 1228 1719 et
1252 1687 1378 1734 quos

251 1770 508 1834 Magnum
527 1767 717 1833 aliquid
739 1766 890 1818 dubia
911 1783 1001 1831 pro
1023 1764 1250 1816 libertate
1271 1765 1482 1827 deceret,

255 1867 412 1937 Qd
435 1866 697 1918 miraretur
722 1883 842 1915 cum
867 1864 1060 1915 Coclite
1086 1864 1304 1924 Mutius,
1330 1876 1379 1916 et
1404 1883 1516 1931 quae

254 1962 464 2028 Imperii
497 1959 617 2011 fines
641 1959 947 2010 Tiberinum
971 1959 1110 2025 virgo
1135 1959 1339 2010 natavit.
1663 1965 1722 2012 26
1730 1980 1754 2027 5
1804 1996 1807 1997 ν

258 2055 474 2107 Occulta
497 2053 556 2104 ad
579 2064 740 2119 patres
763 2052 1000 2118 produxit
1025 2052 1238 2103 crimina
1261 2052 1421 2104 servus

255 2150 508 2205 Matronis
529 2147 804 2213 lugendus:
831 2160 879 2199 at
903 2148 1010 2199 illos
1035 2148 1232 2198 verbera
1247 2145 1390 2212 justis

256 2247 501 2300 Afficiunt
522 2246 699 2311 poeniS,
727 2256 776 2295 et
798 2244 970 2309 legum
993 2246 1154 2310 prima
1176 2244 1371 2295 securiS.

254 2344 400 2396 Malo
422 2354 559 2408 pater
581 2340 673 2392 tibi
695 2339 753 2390 fit
776 2338 1044 2398 Thersites,
1071 2339 1351 2390 dummodo
1374 2351 1430 2391 tu
1452 2339 1510 2390 fis

255 2437 475 2492 AEacidae
499 2434 686 2493 similis,
711 2434 1058 2500 Vulcaniaque
1079 2453 1216 2485 arma
1240 2435 1467 2501 capeffas,
1665 2453 1759 2502 270

258 2533 435 2602 Qm
455 2544 504 2583 te
528 2530 770 2582 Therfitae
795 2530 1006 2582 similem
1033 2529 1276 2596 producat
1301 2531 1541 2584 Achilles.

254 2628 326 2687 Et
349 2642 516 2681 tamen
540 2640 597 2680 ut
621 2628 768 2693 longe
792 2639 1000 2699 repetem,
1025 2626 1273 2693 longeque
1297 2627 1512 2680 revolvas

1638 2725 1753 2778 No-
