1941 3363
255 239 384 302 130
583 213 1007 302 JUV'ENALIS
1055 210 1334 271 SATYRA
1378 213 1529 270 XIII.

252 358 442 413 Pocula
462 355 720 409 adorandae
743 351 1006 417 rubigini8‚
1041 362 1092 401 et
1117 349 1426 417 populorum

254 457 425 514 Dona,
461 453 539 504 vel
561 451 769 516 antiquo
791 448 968 514 positas
990 465 1018 497 a
1042 464 1157 510 rege
1179 462 1405 496 coronas.

256 553 388 605 Haec
411 551 484 602 ibi
505 549 540 600 fi
562 567 665 599 non
687 546 819 606 sunt,
854 544 1019 594 minor
1043 541 1199 597 exstat
1223 540 1499 606 sacrilegus,
1534 538 1625 606 qui
1695 553 1712 588 1
1726 553 1808 604 50⁴

260 649 426 702 Radat
451 644 663 697 inaurati
685 643 856 694 femur
880 638 1138 698 Herculis,
1173 650 1224 689 et
1246 637 1429 688 faciem
1449 636 1609 701 ipsam

260 742 519 810 Neptuni;
556 740 647 806 qui
670 735 978 790 bracteolam
1001 734 1063 785 de
1087 733 1289 785 Castore
1312 732 1480 783 ducat.

261 843 348 893 An
374 840 588 898 dubitet,
621 837 793 889 solitus
817 846 987 889 totum
1009 831 1224 884 conflare
1244 825 1575 881 Tonantem?

267 937 456 991 Confer
475 948 524 988 et
545 933 774 992 artificeS,
812 942 1248 994 mercatoremque
1271 928 1466 986 veneni,

265 1039 336 1090 Et
360 1033 712 1087 deducendum
735 1030 872 1082 corio
894 1029 1035 1080 bovis
1063 1028 1115 1078 in
1139 1045 1294 1086 mare,
1330 1044 1452 1077 cum
1478 1043 1584 1092 quo
1701 1038 1800 1089 155,

269 1136 539 1189 Clauditur
563 1129 767 1184 adversis
792 1127 997 1180 innoxia
1021 1127 1163 1178 simia
1185 1124 1317 1176 fatis.

268 1235 400 1288 Haec
424 1244 577 1299 quota
599 1246 709 1296 pars
732 1227 991 1289 scelerum,
1027 1243 1139 1290 quae
1159 1223 1322 1275 custos
1346 1222 1570 1274 Gallicus
1591 1220 1747 1285 urbis,

266 1332 440 1398 Usque
465 1349 491 1380 a
514 1326 753 1380 Lucifero
777 1324 935 1376 donec
960 1323 1049 1374 lux
1072 1322 1285 1381 occidat,
1323 1321 1499 1373 audit?

271 1427 508 1480 Humani
533 1423 724 1491 generis
748 1437 913 1472 mores
939 1418 1033 1473 tibi
1056 1419 1190 1470 noffe
1207 1418 1394 1470 volenti

272 1524 466 1585 Sufficit
490 1541 592 1573 una·
612 1521 809 1572 domus.
879 1518 1069 1569 Paucos
1094 1516 1332 1568 consume
1356 1515 1479 1575 dies,
1505 1527 1554 1567 et
1706 1516 1812 1572 160:

272 1619 464 1671 Dicere
489 1627 538 1666 te
563 1613 825 1671 miserum,
861 1610 1125 1677 postquam
1149 1610 1287 1662 illinc
1311 1611 1519 1670 veneris,
1556 1609 1698 1665 aude.

273 1716 404 1785 Qs
436 1711 700 1764 tumidum
725 1722 899 1775 guttur
925 1710 1135 1759 miratur
1159 1710 1211 1759 in
1234 1708 1487 1773 Alpibus?
1524 1709 1749 1775 autquis

269 1812 331 1863 In
357 1811 537 1862 Mero'e'
559 1806 710 1859 craffo
734 1805 977 1871 majorem
1002 1805 1193 1856 infante
1221 1804 1536 1855 mamillam?

272 1906 480 1960 Coerula
503 1905 616 1971 quis
641 1903 829 1969 stupuit
852 1902 1096 1952 Germani
1119 1901 1332 1960 lumina,
1369 1899 1555 1954 flavam}

273 2004 559 2061 Caesariem,
594 2016 644 2054 et
670 2001 872 2052 madido
897 2011 1219 2065 torquentem
1244 1997 1612 2051 cornuacirro?
1713 2001 1768 2048 16
1775 2014 1803 2065 5

273 2099 482 2165 Nempe
506 2098 644 2164 quod
667 2096 775 2148 haec
797 2095 1095 2157 illisnatura
1119 2093 1187 2144 est
1213 2094 1450 2144 omnibus
1476 2112 1592 2148 una.

277 2195 364 2246 Ad
389 2194 572 2246 subitas
594 2190 862 2243 Thracum
885 2190 1128 2248 volucres,
1165 2189 1462 2253 nubemque
1485 2189 1722 2240 sonoram*

276 2289 543 2357 Pygmaeus
568 2287 728 2354 parvis
749 2286 905 2337 currit
924 2284 1131 2339 bellator
1156 2285 1208 2334 in
1231 2284 1379 2341 armis
1398 2306 1427 2341 ς.

276 2385 411 2439 Mox
433 2386 597 2450 impar
619 2382 767 2439 hosti,
803 2379 1088 2446 raptusque,
1113 2397 1201 2445 per
1222 2383 1333 2437 aera
1355 2379 1519 2429 curvis

269 2479 548 2547 Unguibus
576 2498 602 2530 a
626 2479 745 2529 saeva
768 2476 926 2528 fertur
948 2495 1089 2541 grue.
1161 2475 1211 2525 Si
1235 2475 1399 2536 videas
1423 2474 1522 2525 hoc
1713 2492 1808 2542 170

273 2576 565 2628 Gentibus
553 2594 604 2625 in
630 2573 821 2632 nostris,
858 2572 954 2623 risu
979 2572 1234 2637 quatiere:
1271 2571 1352 2621 sed
1376 2570 1495 2629 illic,

272 2675 583 2792 anuam
607 2670 783 2723 eadem
807 2669 986 2721 affiduc
1011 2668 1292 2735 spectentur
1317 2668 1502 2734 praelia,
1538 2668 1666 2720 ridet

1610 2762 1802 2824 NemO,
