1941 3363
248 212 373 275 182
654 211 909 273 PERsrr
972 211 1270 272 SATYRA
1317 196 1384 270 V.

241 355 350 406 Hic
373 371 554 420 campo
577 352 835 417 indulget:
872 351 1010 403 hunc
1036 353 1140 403 alea
1163 351 1427 418 decoquit:
1464 352 1547 403 ille

238 451 298 501 In
325 451 576 499 Venerem
602 448 671 497 est
696 447 851 511 putris
869 471 883 506 3
921 447 1002 498 sed
1025 466 1145 498 cum
1168 447 1386 513 lapidosa
1408 447 1636 512 chiragra

237 550 282 600 F
287 549 465 613 regerit
487 546 717 597 articulos
743 547 918 596 veteris
944 547 1148 597 ramalia
1169 546 1294 613 fagi,

237 645 383 695 Tum
407 642 582 694 craffos
607 641 827 693 transisse
852 642 974 702 dies,
997 642 1268 709 lucemque
1291 642 1577 709 palustrem,
1699 645 1763 692 60

236 742 307 792 Et
331 739 546 806 fibijam
568 739 658 791 seri
679 740 834 791 vitam
860 741 1153 804 ingemuere
1177 740 1421 792 reliCtam.

237 843 311 893 At
335 853 384 891 te
407 840 664 891 nocturnis
685 837 829 905 juvat
852 839 1190 905 impallescere
1215 839 1400 892 chartis
1417 865 1434 900 5

236 937 419 988 Cultor
442 936 581 986 enim
598 933 866 1000 juvenum,
894 948 1128 1000 purgatas
1152 936 1322 987 inseris
1350 953 1488 986 aures

232 1033 403 1096 Fruge
427 1029 718 1083 Cleanthea.
787 1030 951 1082 Petite
972 1030 1110 1091 hinc,
1126 1029 1451 1098 juvenesque,
1477 1030 1725 1096 senesque,

233 1132 417 1184 Finem
441 1132 613 1182 animo
637 1141 853 1190 certum,
879 1130 1165 1197 miserisque
1188 1131 1367 1182 viatica
1390 1130 1542 1182 canis.
1697 1133 1725 1179 6
1734 1148 1759 1196 ς

233 1236 357 1285 Cras
382 1230 481 1282 hoc
504 1230 606 1283 fiet.
642 1233 788 1284 Idem
812 1246 917 1280 cras
941 1229 1042 1281 fiet.
1082 1229 1255 1296 Qd?
1281 1230 1414 1296 quas1
1442 1247 1711 1294 magnum,

232 1330 440 1396 Nempe
463 1329 618 1388 diem,
644 1328 798 1380 donas
820 1327 837 1375 ?
873 1326 953 1377 sed
976 1345 1098 1378 cum
1119 1326 1208 1377 lux
1231 1326 1382 1377 altera
1408 1327 1563 1386 venit,

231 1429 352 1495 Jam
375 1447 480 1480 cras
505 1429 795 1484 hesternum
815 1430 1232 1496 consumpsimus.
1303 1431 1438 1481 Ecce
1462 1429 1598 1482 aliud
1622 1448 1728 1483 cras

232 1526 410 1591 Egerit
432 1527 523 1579 hos
549 1546 722 1588 annos,
750 1540 799 1579 et
823 1527 1014 1593 semper
1036 1526 1247 1592 paulum
1271 1526 1364 1577 erit
1389 1526 1536 1578 ultra.

229 1625 371 1678 Nam
397 1629 625 1693 quamvis
650 1646 803 1694 prope
829 1640 896 1687 te,
927 1628 1159 1693 quamvis
1185 1639 1390 1679 temone
1414 1625 1500 1678 sub
1526 1645 1645 1687 uno,
1700 1642 1764 1691 70

230 1720 532 1772 Vertentem
556 1721 651 1773 sese
674 1720 852 1772 frustra
874 1721 1118 1772 secff‘tabere
1140 1721 1406 1780 canthum,

232 1820 373 1870 Cum
397 1831 504 1871 rota
526 1819 765 1886 posterior
789 1837 971 1879 ωτι-35,
999 1832 1048 1870 et
1069 1820 1123 1870 in
1147 1837 1238 1869 axe
1261 1819 1495 1872 secundo,

230 1914 490 1966 Libertate
513 1932 638 1980 opus
664 1914 732 1965 est
742 1940 757 1974 ς
782 1934 885 1966 non
910 1914 1005 1966 hac
1027 1933 1127 1980 qua
1147 1915 1356 1981 quisque
1380 1915 1559 1967 Velina

230 2011 442 2063 Publius
467 2012 701 2072 emeruit,
727 2011 1002 2063 scabiosum
1026 2011 1253 2063 tefferula
1274 2011 1348 2063 far

229 2105 463 2158 Poffidet.
531 2107 656 2157 Heu
680 2105 863 2158 steriles
886 2108 1006 2166 veri,
1045 2107 1227 2173 quibus
1252 2125 1351 2159 una
1376 2108 1632 2178 Qritem
1697 2126 1724 2175 7
1732 2127 1759 2176 5

229 2202 445 2267 Vertigo
468 2201 618 2253 facit!
655 2201 741 2252 hic
768 2202 938 2253 Dama
962 2202 1048 2263 est,
1077 2222 1180 2254 non
1205 2204 1358 2255 treffis
1383 2204 1542 2269 agaso,

228 2301 424 2367 Vappa,
462 2313 511 2352 et
535 2301 724 2367 lippUS,
751 2313 799 2352 et
823 2303 874 2352 in
902 2302 1041 2354 tenui
1064 2302 1310 2368 farragine
1335 2304 1572 2355 mendax.

227 2400 450 2451 Verterit
471 2399 609 2452 hunc
634 2400 891 2462 dominus,
917 2416 1182 2455 memento
1204 2404 1419 2455 turbinis
1444 2406 1550 2455 exit

227 2498 437 2550 Marcus
461 2498 647 2548 Dama.
715 2498 893 2564 Papae!
930 2500 1113 2551 Marco
1137 2499 1430 2566 spondente,
1457 2503 1646 2554 recusas

228 2596 447 2647 Credere
470 2607 526 2647 tu
553 2597 828 2647 nummos?
864 2598 1046 2649 Marco
1073 2596 1347 2664 subjudice
1371 2600 1555 2665 palles?
1698 2607 1760 2653 80

226 2693 441 2747 Marcus
463 2696 617 2756 dixit;
656 2695 726 2748 ita
749 2696 845 2748 est:
884 2696 1084 2762 affigna,
1113 2697 1308 2760 Marce,
1335 2699 1556 2752 tabellas·

1630 2798 1757 2853 Haec
