1941 3363
316 204 768 292 JUVENAms
837 205 1136 272 SATYRA
1177 215 1323 270 XIV.
1530 232 1652 296 143

112 346 381 405 Mortifera
402 365 523 420 cum
549 346 666 403 dote
690 346 839 405 subit.
908 349 1108 417 Qbus
1142 350 1227 403 illa
1249 359 1507 418 premetur

112 447 207 498 Per
228 446 464 499 somnum
485 446 682 510 digitis!
719 465 856 507 nam,
893 461 1256 515 quas-terraque
1282 440 1511 519 marique

113 545 437 610 Acquirenda
460 556 622 610 putaS,
658 544 852 601 brevior
874 546 951 597 via
974 547 1198 600 conferet
1219 548 1309 603 illi.

111 642 300 696 Nullus
324 645 461 695 enim
484 645 657 709 magni
682 643 872 697 sceleris
896 645 1057 697 labor..
1092 646 1220 698 Haec
1243 666 1337 713 ego
1360 669 1626 718 nunquam

112 741 377 801 Mandavi,
412 741 543 792 dices
569 741 726 800 olim,
747 760 838 792 nec
863 741 980 793 talia
1002 743 1150 794 suafi:
1530 769 1642 818 225.

112 841 310 894 Mentis
334 841 476 891 causa
500 840 643 891 malae
668 851 837 891 tamen
864 841 934 892 est
956 853 1005 893 et
1028 843 1169 907 origo
1192 862 1342 909 penes
1369 862 1434 899 te,

113 941 257 993 Nam
280 940 502 1006 quisquis
527 939 700 1004 magni
723 939 896 990 census
921 941 1157 1006 praecepit
1180 960 1424 1006 amorem,

116 1040 187 1091 Et
209 1039 332 1090 laevo
358 1039 558 1089 monitu
582 1055 760 1103 pueros
784 1037 1018 1104 producit
1040 1058 1226 1101 avaros,

116 1136 186 1188 Et
209 1135 298 1201 qui
322 1153 410 1200 per
431 1133 629 1185 fraudes
653 1133 956 1200 patrimonia
978 1135 1331 1202 conduplicare

116 1232 223 1285 Dat
247 1231 549 1290 libertatem,
583 1242 635 1280 et
662 1242 788 1282 totas
814 1229 1030 1283 effundit
1052 1231 1271 1285 habenas
1535 1258 1631 1307 230

118 1324 384 1378 Curriculo
397 1347 412 1384 3
449 1342 605 1389 quem
625 1323 660 1374 fi
684 1342 901 1384 revoces,
937 1325 1185 1377 subsistere
1208 1329 1379 1390 nescit,

119 1421 189 1472 Et
214 1432 264 1471 te
286 1431 584 1484 contempto
609 1421 815 1485 rapitur,
851 1421 1097 1487 metisque
1120 1422 1321 1476 relictis.

119 1515 297 1568 Nemo
320 1514 430 1566 satis
457 1514 614 1565 credit
629 1526 837 1566 *tantum
859 1515 1166 1585 delinquere,
1201 1532 1450 1585 quantum

121 1615 387 1668 Permittas
407 1634 418 1665 :
456 1614 579 1664 adeo
603 1613 868 1679 indulgent
892 1615 982 1666 fibi
1008 1615 1154 1668 latius
1178 1618 1286 1684 ipsi.

121 1710 259 1761 Cum
281 1705 594 1774 dicisjuveni
616 1705 843 1766 stultum,
878 1709 966 1774 qui
990 1709 1143 1763 donet
1166 1712 1348 1773 amic0,
1540 1734 1567 1768 2
1572 1735 1599 1781 3
1607 1735 1632 1783 5

122 1806 228 1874 Q
251 1816 596 1871 paupertatem
619 1803 749 1855 levet
771 1805 1063 1872 attollatque
1086 1810 1390 1875 propinqui;

120 1902 192 1952 Et
215 1898 608 1966 spoliaredoceS,
643 1911 693 1950 et
716 1899 1136 1962 circumscribere,
1172 1916 1222 1955 et
1247 1908 1392 1957 omni

122 1998 349 2048 Crimine
373 1994 569 2076 divitias
596 1995 866 2061 acquirere,
903 2016 1121 2064 quarum
1146 2019 1287 2052 amor
1310 2002 1361 2053 in
1389 2015 1438 2055 te
1462 2003 1548 2064 est,

126 2097 362 2163 Qantus
390 2106 492 2145 erat
517 2095 686 2160 patriae
712 2094 992 2150 Deciorum
1015 2097 1068 2150 in
1092 2102 1309 2164 pectore,
1347 2116 1599 2168 quantum

121 2195 323 2259 Dilexit
346 2191 570 2251 ThebaS,
605 2191 638 2245 fi
663 2193 862 2245 Graecia
883 2213 1011 2253 vera,
1047 2196 1346 2251 Menoeceus
1364 2223 1379 2258 3
1432 2268 1435 2271 K
1543 2220 1651 2263 240-

127 2292 186 2343 In
208 2309 426 2356 quarum
449 2287 592 2341 sulcis
614 2288 836 2354 legiones
860 2291 1102 2345 dentibusx
1117 2295 1292 2359 anguis

124 2391 263 2440 Cum
286 2388 470 2454 clypeis
491 2387 779 2461 nascuntur,
812 2399 863 2443 et
886 2387 1088 2441 horrida
1112 2391 1239 2442 bella
1263 2393 1516 2457 capessunt

125 2484 403 2542 Continuo,
440 2495 682 2549 tanquam
706 2496 755 2534 et
778 2483 980 2537 tubicen
1007 2484 1267 2538 surrexerit
1293 2507 1406 2540 una.

127 2579 264 2642 Ergo
287 2578 475 2642 iguem,
511 2576 653 2644 cujus
676 2578 910 2631 scintillas
934 2580 1032 2645 ipse
1054 2580 1247 2641 dedisti,

127 2670 168 2722 F
172 2671 449 2735 lagrantem
475 2669 588 2736 late,
623 2682 672 2722 et
697 2671 977 2737 rapientem
1002 2676 1180 2741 cuncta
1204 2675 1390 2730 videbis
1410 2700 1433 2749 :-

1527 2777 1638 2829 Nec
