1941 3363
258 238 387 323 136
565 239 976 326 JUVENALIS
1031 236 1304 298 SATYRA
1366 241 1510 298 XIV.

254 397 543 454 Lenonum,
578 406 629 445 et
653 407 827 446 cantus
853 394 1186 460 pernoctantis
1212 392 1426 460 parasiti.
1705 391 1771 452 46

253 491 487 543 Maxima
509 489 720 541 debetur
740 509 898 557 puero
922 490 1209 542 reverentia.
1279 490 1329 540 Si
1352 487 1473 554 quid

254 591 432 656 Turpe
458 607 614 655 paraS,
649 608 742 639 nec
768 602 823 640 tu
846 590 989 654 pueri
1011 587 1365 653 contempseris
1391 602 1578 637 annos:

255 684 350 736 Sed
373 695 641 749 peccaturo
666 682 862 734 obsistat
887 683 981 733 tibi
1003 682 1135 733 filius
1159 681 1339 732 infans.

251 780 397 833 Nam
422 780 456 830 s1
480 778 605 846 quid
627 778 842 843 dignum
866 779 1076 830 censoris
1101 777 1274 829 fecerit
1296 778 1386 837 ira,
1715 787 1779 838 50

257 875 688 943 Qndoquidem
712 873 926 925 fimilem
951 874 1044 924 tibi
1065 873 1112 924 se
1136 890 1237 922 non
1262 888 1470 936 corpore
1493 880 1693 921 tantum
1766 900 1771 904 -

254 969 369 1022 Nec
393 968 535 1019 vultu
561 968 768 1027 dederit,
803 987 1010 1019 morum
1035 985 1240 1033 quoque
1265 967 1415 1026 filius,
1451 977 1502 1020 et
1526 982 1647 1016 cum

259 1066 453 1117 Omnia
476 1065 689 1117 deterius
716 1078 803 1117 tua
825 1085 913 1133 per
933 1065 1137 1131 vestigia
1158 1078 1350 1132 peccet,

258 1160 510 1227 Corripies
534 1162 795 1219 nimirum,
820 1173 869 1212 et
891 1159 1149 1226 castigabis
1172 1160 1351 1211 acerbo

257 1256 516 1315 Clamore,
552 1274 608 1307 ac
633 1255 742 1322 post
765 1254 874 1306 haec
897 1255 1095 1307 tabulas.
1113 1267 1309 1306 mutare
1331 1252 1544 1321 parabis.
1719 1265 1744 1315 ς
1753 1267 1776 1315 5

259 1352 414 1404 Unde
435 1352 528 1403 tibi
550 1351 770 1404 frontem
793 1351 1178 1418 libertatemque
1200 1352 1435 1418 parentis,

261 1449 402 1500 Cum
423 1446 574 1501 facias
596 1446 764 1515 pejora
785 1447 948 1507 senex,
983 1466 1307 1513 vacuumque
1329 1446 1536 1499 cerebro

260 1546 578 1614 Jampridem
600 1559 750 1613 caput
771 1545 872 1598 hoc
897 1546 1095 1598 ventosa
1119 1547 1379 1598 cucurbita
1401 1544 1624 1612 quaerat?

264 1642 483 1707 Hospite
508 1653 736 1701 ventum,
770 1641 971 1693 ceffabit
994 1661 1145 1694 nemo
1171 1655 1375 1694 tuorum
1396 1663 1409 1695 :
1488 1710 1493 1714 ι

261 1736 419 1789 Verre
444 1737 823 1802 pavimentum3
860 1737 1038 1788 nitidas
1063 1738 1265 1789 ostende
1310 1738 1598 1797 columnas3
1719 1739 1785 1786 66

264 1831 423 1882 Arida
446 1850 568 1885 cum
591 1844 698 1883 tota
722 1832 982 1883 descendat
1004 1851 1177 1884 aranea
1200 1833 1297 1884 tela
1318 1852 1330 1884 z

266 1925 371 1978 Hic
394 1924 500 1976 leve
527 1938 811 1989 argentum,
845 1925 953 1976 vasa
976 1926 1140 1992 aspera
1161 1937 1351 1992 tergeat
1374 1926 1496 1978 alter
1514 1946 1530 1978 z

264 2023 383 2075 Vox
406 2024 599 2075 domini
622 2022 792 2075 fremit
814 2023 1055 2084 instantiS,
1090 2027 1385 2092 virgamque
1409 2027 1643 2082 tenentis,

264 2117 407 2184 Ergo
430 2118 575 2170 miser
598 2117 830 2184 trepidaS,
867 2136 929 2168 ne
954 2117 1161 2170 stercore
1185 2119 1319 2171 foeda
1340 2122 1522 2172 canino

268 2212 416 2272 Atria
439 2212 724 2277 displiceant
745 2211 900 2263 oculis
924 2213 1164 2264 venientis
1187 2214 1355 2274 amici,
1722 2221 1751 2269 6
1757 2235 1786 2287 5

268 2310 354 2363 Ne
377 2306 572 2374 perfusa
593 2307 701 2359 luto
725 2307 782 2358 fit
807 2309 1026 2373 porticus
1047 2332 1061 2367 ς
1098 2321 1148 2360 et
1170 2321 1339 2361 tamen
1363 2328 1467 2362 uno
1766 2288 1768 2290 V

271 2402 505 2454 Semodio
526 2401 683 2453 scobis
709 2400 817 2452 haec
842 2403 1076 2456 emendat
1098 2402 1312 2454 servulus
1337 2422 1485 2461 unus.

266 2496 403 2549 Illud
429 2513 530 2545 non
556 2495 727 2558 agitas,
764 2507 821 2545 ut
845 2495 1066 2548 sanctam
1088 2495 1218 2548 filius
1243 2500 1386 2550 omni

272 2594 493 2658 Aspiciat
518 2593 615 2646 fine
638 2593 750 2643 labe
774 2594 1003 2654 domum,
1038 2595 1261 2663 vitioque
1285 2600 1580 2652 carentem?

271 2689 492 2741 Gratum
515 2687 599 2748 est,
636 2689 771 2756 quod
795 2689 964 2756 patriae
987 2691 1152 2746 civem
1171 2693 1460 2760 populoque
1482 2695 1674 2756 dedisti,
1726 2712 1792 2759 70

1735 2791 1789 2847 Si
