1941 3363
417 230 837 322 JUVENALIS
889 229 1164 291 SATYRA
1208 232 1303 288 VI.
1537 244 1627 305 49

112 379 265 435 Tune
286 381 456 440 etiam,
493 397 649 446 quam
671 378 834 429 sextus
857 387 907 427 et
929 373 1260 439 offogefimus
1286 387 1443 421 annus

113 475 295 536 Pulsat,
323 474 484 526 adhuc
500 472 710 525 Graece?
747 489 849 522 non
875 469 943 520 est
963 468 1048 519 hic
1069 467 1227 519 sermo
1250 463 1460 531 pudicus

112 570 173 624 In
196 572 375 632 vetula,
412 572 608 638 quoties
631 570 869 621 lascivum
898 566 1162 618 intervenit
1185 564 1328 624 illud,

115 672 206 719 Ζωιῖ
227 672 266 735 ‚3
291 671 426 734 ψυχὴ,
450 670 604 722 modo
628 668 716 720 sub
735 667 896 718 lodice
919 664 1098 715 reliCtis

113 769 283 821 Uteris
307 770 358 820 in
381 768 542 820 turba.
612 765 765 834 Qd
789 764 926 814 enirn
949 781 1050 814 non
1079 762 1261 813 excitat
1282 761 1467 826 inguen
1530 778 1586 826 19
1594 777 1619 826 5

113 866 231 918 Vox
249 866 445 926 blanda,
471 877 520 916 et
538 862 786 929 nequam?
807 861 991 927 digitos
1012 859 1187 911 habet:
1215 873 1271 912 ut
1288 873 1457 912 tamen
1474 877 1650 912 omnes

114 964 376 1016 Subfidant
394 981 574 1030 pennae
586 985 602 1021 3
639 962 770 1012 dicas
793 959 901 1010 haec
922 959 1122 1010 mollius
1144 960 1300 1011 AEmo

115 1062 424 1131 anuam
449 1074 498 1113 et
512 1059 860 1126 Carpophom,
896 1057 1045 1110 facies
1070 1071 1155 1109 tua
1177 1069 1440 1123 computat
1463 1075 1636 1109 annos.

115 1160 167 1210 Si
191 1159 284 1211 tibi
308 1159 545 1224 legitimis
570 1155 1112 1224 paffitamjundstamque
1136 1155 1328 1207 tabellis

114 1256 240 1308 Non
265 1275 314 1310 es
339 1270 612 1315 amaturu8‚
649 1254 864 1306 ducendi
892 1255 1029 1305 nulla
1056 1254 1252 1305 videtur
1533 1269 1626 1303 200

115 1354 295 1414 Causa;
333 1372 425 1405 nec
445 1353 534 1413 est,
570 1370 722 1419 quare
747 1369 945 1403 coenam
970 1363 1019 1402 et
1043 1350 1290 1402 mustacea
1313 1351 1505 1417 perdaS,

115 1451 342 1503 Labente
363 1452 549 1512 officio,
583 1452 749 1503 erudis
773 1452 1002 1502 donanda
1011 1474 1026 1510 3
1063 1469 1155 1502 nec
1175 1450 1300 1502 illud

116 1549 271 1617 Qd
294 1549 457 1614 prima
478 1567 568 1614 pro
592 1550 736 1599 noete
760 1548 920 1608 datur,
956 1565 1077 1598 cum
1096 1548 1237 1599 lance
1256 1548 1399 1617 beata

117 1647 356 1707 Dacicus,
391 1658 442 1698 et
457 1647 639 1713 scripto
663 1647 817 1697 radiat
836 1647 1169 1698 Germanicus
1193 1665 1331 1699 auro.

117 1743 168 1794 Si
192 1742 285 1794 tibi
318 1742 605 1808 fimplicitas
629 1743 819 1803 uxoria,
856 1743 1053 1795 deditus
1086 1744 1175 1795 uni
1531 1761 1622 1810 205

117 1839 208 1891 Est
231 1839 456 1891 animus:
493 1838 732 1890 submitte
766 1851 917 1905 caput
939 1842 1131 1893 cervice
1151 1853 1322 1908 parata

116 1933 492 2002 Ferrejugum:
530 1934 721 1985 nullam
742 1935 983 1997 invenies,
1023 1956 1134 2003 quae
1156 1952 1327 2006 parcat
1351 1937 1556 1990 amanti.

119 2032 309 2085 Ardeat
333 2032 433 2098 ipsa
451 2030 587 2092 licet,
623 2035 886 2085 tormentis
910 2036 1094 2101 gaudet
1123 2038 1354 2097 amantis,

119 2132 192 2183 Et
222 2131 404 2197 spoliis.
474 2129 637 2194 Igitur
665 2129 814 2196 longe
838 2132 1004 2183 minus
1029 2133 1163 2184 utilis
1189 2134 1261 2184 illi

120 2232 283 2290 Uxor,
317 2229 536 2296 quisquis
559 2230 652 2281 erit
674 2229 835 2282 bonus
857 2232 1201 2299 optandusque
1224 2233 1450 2286 maritus,
1532 2250 1626 2283 210

119 2327 214 2379 Nil
235 2345 460 2392 unquam
482 2327 638 2378 invita
660 2328 865 2380 donabis
886 2329 1131 2395 conjuge:
1167 2332 1348 2383 vendes

121 2421 238 2472 Hac
260 2418 485 2470 obstante
507 2418 653 2478 nihil,
680 2419 823 2480 nihil,
848 2419 956 2472 haec
978 2422 1013 2473 fi
1035 2422 1179 2483 nolit,
1215 2435 1429 2477 emetur.

123 2519 254 2571 Haec
278 2518 415 2568 dabit
439 2516 644 2568 affeC'ms
666 2537 677 2569 :
714 2518 796 2569 ille
815 2520 1107 2572 excludetur
1128 2523 1318 2574 amicus

123 2616 243 2682 Jam
263 2615 436 2675 senior,
471 2614 611 2681 cujus
636 2615 842 2668 barbam
871 2629 955 2668 tua
969 2616 1124 2684 janua
1141 2620 1281 2672 vidit.

124 2712 363 2766 Testandi
386 2732 504 2766 cum
527 2713 582 2766 fit
607 2714 870 2766 lenonibus
895 2728 1045 2782 atque
1065 2716 1247 2768 lanistis
1534 2735 1624 2783 215

837 2811 890 2862 D
1568 2817 1661 2868 Li-
