1941 3363
471 235 737 299 PERsn
794 240 1090 303 SATYRA
1134 250 1231 304 VI.
1533 246 1661 326 189

135 374 381 428 Doctores
406 377 606 432 Graios.
642 381 719 431 Ita
741 380 815 441 fit,
840 383 1106 449 postquam
1131 385 1293 450 sapere
1317 384 1429 435 urbi

136 475 275 525 Cum
301 475 471 541 pipere
501 490 550 529 et
584 479 784 544 palmi8‚
809 482 944 533 venit
968 482 1192 534 nostrum
1211 483 1308 534 hoc
1328 483 1477 535 maris
1500 502 1691 552 experS,

134 572 179 623 F
181 573 404 624 oenisecae
427 575 579 626 craffo
604 577 844 628 vitiarunt
874 579 1100 643 unguine
1125 580 1306 646 pultes.
1593 600 1662 645 40

136 666 265 718 Haec
296 669 462 720 cinere
490 669 696 721 ulterior
719 673 948 723 metuas?
981 686 1030 725 at
1058 685 1130 734 tu,
1166 693 1310 726 meus
1333 674 1490 727 haeres

137 761 378 830 Qsquis
414 765 526 825 eris,
552 766 764 832 paulum
796 786 824 818 a
846 768 994 819 turba
1017 769 1262 821 seductior
1286 773 1417 823 audi.

138 862 188 912 O
214 863 364 923 bone,
387 883 522 918 num
538 865 768 930 ignoras?
808 866 949 918 miffa
971 868 1040 918 est
1075 886 1103 919 a
1126 869 1312 921 Caesare
1332 870 1498 921 laurus

138 959 392 1026 Insignem
428 960 495 1012 ob
518 962 713 1014 cladem
743 963 1012 1015 Germanae
1035 964 1199 1031 pubiS‚
1225 978 1275 1017 et
1299 967 1394 1017 aris

137 1052 375 1119 Frigidus
399 1055 651 1107 excutitur
673 1057 814 1116 ciniS‚
841 1055 1023 1122 acjam
1046 1057 1270 1124 postibus
1294 1077 1449 1120 arma,
1595 1077 1660 1127 45

136 1150 256 1216 Jam
278 1151 568 1219 chlamydes
595 1171 791 1219 regum,
808 1152 916 1219 jam
940 1154 1076 1206 lutea
1100 1155 1311 1222 gausapa
1329 1156 1506 1223 captis,

139 1246 435 1313 Effedaque,
467 1247 795 1313 ingentesque
816 1247 947 1300 locat
969 1249 1192 1302 Caesonia
1213 1250 1452 1302 Rhenos:

138 1344 238 1396 Dis
262 1345 418 1410 igitur
439 1344 692 1410 genioque
723 1345 864 1396 ducis
893 1357 1102 1397 centum
1130 1348 1284 1413 paria,
1318 1347 1384 1399 ob
1414 1366 1489 1400 res

139 1441 354 1507 Egregie
379 1440 555 1505 gestas,
587 1440 791 1492 induCO.
823 1441 954 1508 Qs
988 1443 1155 1494 vetat?
1180 1444 1322 1495 aude.

141 1539 251 1600 Vae,
274 1540 364 1591 nis1
394 1539 645 1591 connives.
683 1538 873 1590 Oleum
899 1540 1239 1606 artocreasque
1259 1543 1459 1608 popello
1604 1563 1667 1612 50

142 1638 354 1703 Largior
365 1660 380 1697 3
409 1656 471 1689 an
495 1636 758 1703 prohibes?
788 1635 868 1688 dic
891 1636 1036 1688 clare.
1061 1637 1184 1689 Non
1215 1638 1356 1699 adeo,
1383 1640 1568 1706 inquis.

142 1733 406 1786 Exoffatus
431 1731 709 1799 agerjuxta
731 1732 816 1784 est.
855 1734 986 1798 Age,
1009 1733 1044 1784 fi
1076 1734 1206 1785 mihi
1237 1736 1376 1788 nulla

143 1833 264 1898 Jam
287 1831 481 1897 reliqua
509 1848 571 1882 ex
594 1831 780 1890 amitiS‚
808 1830 1043 1896 patruelis
1067 1832 1218 1891 nulla,
1247 1834 1502 1899 proneptis

142 1928 307 1980 Nulla
329 1940 501 1981 manet
525 1928 707 1993 patrui,
735 1926 910 1978 sterilis
937 1940 1203 1978 matertera
1232 1929 1372 1988 vixit,

147 2026 328 2091 Deque
351 2025 458 2075 avia
487 2023 711 2077 nihilum
738 2023 978 2089 superest:
1006 2025 1186 2075 accedo
1211 2025 1438 2085 Bovillas,
1608 2046 1666 2094 55

147 2123 459 2187 Clivumque
492 2121 553 2172 ad
575 2121 744 2171 Virbi:
785 2122 960 2187 praesto
984 2123 1053 2173 est
1079 2122 1212 2174 mihi
1246 2123 1453 2174 Manius
1477 2122 1651 2184 haeres,

147 2219 415 2283 Progenies
442 2231 599 2268 terrae.
637 2218 818 2286 Qre
839 2235 901 2267 ex
926 2236 1024 2276 me,
1058 2204 1168 2283 quis
1191 2217 1321 2268 mihi
1346 2230 1550 2284 quartus

148 2314 222 2364 Sit
238 2325 394 2379 pater,
407 2311 542 2361 haud
556 2324 807 2376 prompte,
821 2312 988 2362 dicam
1002 2324 1190 2371 tamen,
1208 2313 1330 2363 adde
1347 2314 1500 2364 etiam
1520 2332 1703 2381 unum,

148 2411 331 2461 Unum
354 2409 526 2466 etiam,
556 2420 696 2458 terrae
721 2407 789 2460 est
806 2406 917 2479 jam
943 2407 1091 2471 filius,
1118 2422 1167 2459 et
1191 2409 1319 2460 mihi
1344 2410 1442 2460 ritu

148 2505 357 2555 Manius
383 2503 466 2554 hic
492 2503 684 2569 generis
708 2520 866 2569 prope
891 2501 1050 2568 major
1075 2505 1351 2555 avunculus
1386 2504 1505 2556 exit.
1607 2508 1673 2556 60

150 2601 258 2668 Q
281 2601 417 2664 prior
440 2617 509 2657 es,
534 2616 625 2649 cur
649 2617 732 2650 me
756 2600 807 2651 in
833 2598 1040 2651 decursu
1062 2599 1295 2666 lampada
1318 2600 1507 2664 poscis?

151 2697 273 2748 Sum
299 2694 391 2747 tibi
415 2695 729 2747 Mercurius:
757 2694 903 2750 venio
926 2695 1067 2747 Deus
1091 2693 1193 2747 huc
1227 2713 1339 2762 eg0‚
1368 2707 1424 2746 ut
1448 2694 1530 2749 ille

1546 2789 1671 2842 Pin-
