<?xml version="1.0" encoding="UTF-8"?>
<!DOCTYPE html PUBLIC "-//W3C//DTD XHTML 1.0 Transitional//EN"
    "http://www.w3.org/TR/xhtml1/DTD/xhtml1-transitional.dtd">
<html xmlns="http://www.w3.org/1999/xhtml" xml:lang="en" lang="en">
 <head>
  <title>
</title>
<meta http-equiv="Content-Type" content="text/html;charset=utf-8" />
  <meta name='ocr-system' content='tesseract 3.04.00' />
  <meta name='ocr-capabilities' content='ocr_page ocr_carea ocr_par ocr_line ocrx_word'/>
</head>
<body>
  <div class='ocr_page' id='page_1' title='image "./djuniijuvenalise00juveuoft_0145.png"; bbox 0 0 1941 3363; ppageno 0'>
   <div class='ocr_carea' id='block_1_1' title="bbox 455 223 1644 313">
    <p class='ocr_par' dir='ltr' id='par_1_1' title="bbox 455 223 1644 313">
     <span class='ocr_line' id='line_1_1' title="bbox 455 223 1644 313; baseline -0.007 -24"><span class='ocrx_word' id='word_1_1' title='bbox 455 226 880 313; x_wconf 85' lang='lat' dir='ltr'><strong>JUVENALIS</strong></span> <span class='ocrx_word' id='word_1_2' title='bbox 930 223 1202 285; x_wconf 75' lang='lat' dir='ltr'>SATYRA</span> <span class='ocrx_word' id='word_1_3' title='bbox 1249 230 1320 284; x_wconf 88' lang='lat' dir='ltr'>X.</span> <span class='ocrx_word' id='word_1_4' title='bbox 1560 241 1644 303; x_wconf 89' lang='lat'>97</span> 
     </span>
    </p>
   </div>
   <div class='ocr_carea' id='block_1_2' title="bbox 138 368 1685 1108">
    <p class='ocr_par' dir='ltr' id='par_1_2' title="bbox 138 368 1282 439">
     <span class='ocr_line' id='line_1_2' title="bbox 138 368 1282 439; baseline -0.002 -17"><span class='ocrx_word' id='word_1_5' title='bbox 138 370 223 423; x_wconf 86' lang='lat' dir='ltr'>Ne</span> <span class='ocrx_word' id='word_1_6' title='bbox 245 371 453 438; x_wconf 88' lang='lat' dir='ltr'>placeat,</span> <span class='ocrx_word' id='word_1_7' title='bbox 478 389 629 425; x_wconf 91' lang='lat' dir='ltr'>curru</span> <span class='ocrx_word' id='word_1_8' title='bbox 650 371 812 439; x_wconf 76' lang='lat' dir='ltr'>servus</span> <span class='ocrx_word' id='word_1_9' title='bbox 835 382 1063 438; x_wconf 87' lang='lat' dir='ltr'>portatur</span> <span class='ocrx_word' id='word_1_10' title='bbox 1087 368 1282 421; x_wconf 86' lang='lat' dir='ltr'>eodem.</span> 
     </span>
    </p>

    <p class='ocr_par' dir='ltr' id='par_1_3' title="bbox 138 444 1685 822">
     <span class='ocr_line' id='line_1_3' title="bbox 139 444 1534 534; baseline -0.003 -15"><span class='ocrx_word' id='word_1_11' title='bbox 139 467 224 526; x_wconf 88' lang='lat' dir='ltr'>Da</span> <span class='ocrx_word' id='word_1_12' title='bbox 247 486 382 520; x_wconf 90' lang='lat' dir='ltr'>nunc</span> <span class='ocrx_word' id='word_1_13' title='bbox 404 479 455 519; x_wconf 89' lang='lat' dir='ltr'>et</span> <span class='ocrx_word' id='word_1_14' title='bbox 474 467 748 528; x_wconf 89' lang='lat' dir='ltr'>volucrem,</span> <span class='ocrx_word' id='word_1_15' title='bbox 783 466 977 534; x_wconf 88' lang='lat' dir='ltr'>sceptro</span> <span class='ocrx_word' id='word_1_16' title='bbox 1000 444 1111 533; x_wconf 45' lang='lat' dir='ltr'>qu’ae</span> <span class='ocrx_word' id='word_1_17' title='bbox 1135 465 1288 531; x_wconf 82' lang='lat' dir='ltr'>surgit</span> <span class='ocrx_word' id='word_1_18' title='bbox 1309 464 1534 523; x_wconf 86' lang='lat' dir='ltr'>eburno;</span> 
     </span>
     <span class='ocr_line' id='line_1_4' title="bbox 138 565 1685 633; baseline -0.002 -15"><span class='ocrx_word' id='word_1_19' title='bbox 138 566 286 618; x_wconf 81' lang='lat' dir='ltr'>Illinc</span> <span class='ocrx_word' id='word_1_20' title='bbox 309 567 604 625; x_wconf 87' lang='lat' dir='ltr'>cornicines,</span> <span class='ocrx_word' id='word_1_21' title='bbox 640 565 761 618; x_wconf 88' lang='lat' dir='ltr'>hinc</span> <span class='ocrx_word' id='word_1_22' title='bbox 784 566 1114 633; x_wconf 76' lang='lat' dir='ltr'><strong>praecedentia</strong></span> <span class='ocrx_word' id='word_1_23' title='bbox 1134 565 1276 631; x_wconf 86' lang='lat' dir='ltr'>longi</span> <span class='ocrx_word' id='word_1_24' title='bbox 1683 623 1685 625; x_wconf 30' lang='grc'><strong>,</strong></span> 
     </span>
     <span class='ocr_line' id='line_1_5' title="bbox 138 660 1684 729; baseline -0.003 -15"><span class='ocrx_word' id='word_1_25' title='bbox 138 662 379 727; x_wconf 80' lang='lat' dir='ltr'>Agminis</span> <span class='ocrx_word' id='word_1_26' title='bbox 400 663 583 722; x_wconf 89' lang='lat' dir='ltr'>officia,</span> <span class='ocrx_word' id='word_1_27' title='bbox 620 674 670 713; x_wconf 91' lang='lat' dir='ltr'>et</span> <span class='ocrx_word' id='word_1_28' title='bbox 694 663 865 713; x_wconf 89' lang='lat' dir='ltr'>niveos</span> <span class='ocrx_word' id='word_1_29' title='bbox 887 660 948 712; x_wconf 88' lang='lat' dir='ltr'>ad</span> <span class='ocrx_word' id='word_1_30' title='bbox 972 660 1112 712; x_wconf 84' lang='lat' dir='ltr'>frena</span> <span class='ocrx_word' id='word_1_31' title='bbox 1135 661 1380 729; x_wconf 79' lang='lat' dir='ltr'>Qrites,</span> <span class='ocrx_word' id='word_1_32' title='bbox 1618 673 1684 724; x_wconf 84' lang='grc'>45</span> 
     </span>
     <span class='ocr_line' id='line_1_6' title="bbox 140 754 1391 822; baseline -0.001 -14"><span class='ocrx_word' id='word_1_33' title='bbox 140 754 345 808; x_wconf 84' lang='lat' dir='ltr'>Defoffa</span> <span class='ocrx_word' id='word_1_34' title='bbox 366 757 418 808; x_wconf 93' lang='lat' dir='ltr'>in</span> <span class='ocrx_word' id='word_1_35' title='bbox 436 756 613 809; x_wconf 88' lang='lat' dir='ltr'>loculis</span> <span class='ocrx_word' id='word_1_36' title='bbox 647 774 774 822; x_wconf 90' lang='lat' dir='ltr'>quos</span> <span class='ocrx_word' id='word_1_37' title='bbox 796 755 1017 822; x_wconf 86' lang='lat' dir='ltr'>sportula</span> <span class='ocrx_word' id='word_1_38' title='bbox 1041 755 1161 806; x_wconf 87' lang='lat' dir='ltr'>fecit</span> <span class='ocrx_word' id='word_1_39' title='bbox 1182 756 1391 807; x_wconf 79' lang='lat' dir='ltr'>amicos·</span> 
     </span>
    </p>

    <p class='ocr_par' dir='ltr' id='par_1_4' title="bbox 141 850 1481 1108">
     <span class='ocr_line' id='line_1_7' title="bbox 141 850 1448 918; baseline 0 -15"><span class='ocrx_word' id='word_1_40' title='bbox 141 851 296 903; x_wconf 92' lang='lat' dir='ltr'>Tunc</span> <span class='ocrx_word' id='word_1_41' title='bbox 319 870 523 918; x_wconf 82' lang='lat' dir='ltr'>quoque</span> <span class='ocrx_word' id='word_1_42' title='bbox 545 852 809 903; x_wconf 83' lang='lat' dir='ltr'>materiam</span> <span class='ocrx_word' id='word_1_43' title='bbox 830 850 949 902; x_wconf 88' lang='lat' dir='ltr'>risus</span> <span class='ocrx_word' id='word_1_44' title='bbox 969 850 1161 901; x_wconf 88' lang='lat' dir='ltr'>invenit</span> <span class='ocrx_word' id='word_1_45' title='bbox 1185 850 1245 900; x_wconf 90' lang='lat' dir='ltr'>ad</span> <span class='ocrx_word' id='word_1_46' title='bbox 1268 868 1448 903; x_wconf 88' lang='lat' dir='ltr'>omnes</span> 
     </span>
     <span class='ocr_line' id='line_1_8' title="bbox 145 943 1441 1017; baseline -0.001 -21"><span class='ocrx_word' id='word_1_47' title='bbox 145 946 396 1017; x_wconf 85' lang='lat' dir='ltr'>Occursus</span> <span class='ocrx_word' id='word_1_48' title='bbox 419 946 710 1006; x_wconf 88' lang='lat' dir='ltr'>hominum,</span> <span class='ocrx_word' id='word_1_49' title='bbox 745 943 884 1011; x_wconf 89' lang='lat' dir='ltr'>cujus</span> <span class='ocrx_word' id='word_1_50' title='bbox 910 945 1174 1011; x_wconf 90' lang='lat' dir='ltr'>prudentia</span> <span class='ocrx_word' id='word_1_51' title='bbox 1198 945 1441 996; x_wconf 89' lang='lat' dir='ltr'>monstrat</span> 
     </span>
     <span class='ocr_line' id='line_1_9' title="bbox 146 1041 1481 1108; baseline 0.001 -16"><span class='ocrx_word' id='word_1_52' title='bbox 146 1041 383 1092; x_wconf 86' lang='lat' dir='ltr'>Summos</span> <span class='ocrx_word' id='word_1_53' title='bbox 407 1041 540 1108; x_wconf 87' lang='lat' dir='ltr'>poffe</span> <span class='ocrx_word' id='word_1_54' title='bbox 564 1042 711 1100; x_wconf 84' lang='lat' dir='ltr'>virOS,</span> <span class='ocrx_word' id='word_1_55' title='bbox 746 1052 796 1091; x_wconf 86' lang='lat' dir='ltr'>et</span> <span class='ocrx_word' id='word_1_56' title='bbox 818 1059 1004 1106; x_wconf 88' lang='lat' dir='ltr'>magna</span> <span class='ocrx_word' id='word_1_57' title='bbox 1027 1041 1257 1107; x_wconf 81' lang='lat' dir='ltr'>exempla</span> <span class='ocrx_word' id='word_1_58' title='bbox 1279 1041 1481 1093; x_wconf 87' lang='lat' dir='ltr'>daturos</span> 
     </span>
    </p>
   </div>
   <div class='ocr_carea' id='block_1_3' title="bbox 145 1138 1661 1300">
    <p class='ocr_par' dir='ltr' id='par_1_5' title="bbox 145 1138 1661 1300">
     <span class='ocr_line' id='line_1_10' title="bbox 148 1138 1661 1207; baseline 0 -17"><span class='ocrx_word' id='word_1_59' title='bbox 148 1138 435 1191; x_wconf 87' lang='lat' dir='ltr'>Vervecum</span> <span class='ocrx_word' id='word_1_60' title='bbox 460 1139 512 1190; x_wconf 89' lang='lat' dir='ltr'>in</span> <span class='ocrx_word' id='word_1_61' title='bbox 535 1139 712 1205; x_wconf 89' lang='lat' dir='ltr'>patria,</span> <span class='ocrx_word' id='word_1_62' title='bbox 746 1138 1002 1206; x_wconf 82' lang='lat' dir='ltr'>craffoque</span> <span class='ocrx_word' id='word_1_63' title='bbox 1022 1139 1111 1191; x_wconf 85' lang='lat' dir='ltr'>sub</span> <span class='ocrx_word' id='word_1_64' title='bbox 1138 1145 1249 1191; x_wconf 77' lang='lat' dir='ltr'>ae&#39;re</span> <span class='ocrx_word' id='word_1_65' title='bbox 1274 1140 1422 1192; x_wconf 85' lang='lat' dir='ltr'>nasci.</span> <span class='ocrx_word' id='word_1_66' title='bbox 1598 1157 1661 1207; x_wconf 85' lang='grc' dir='ltr'>5ο</span> 
     </span>
     <span class='ocr_line' id='line_1_11' title="bbox 145 1234 1270 1300; baseline -0.002 -14"><span class='ocrx_word' id='word_1_67' title='bbox 145 1234 369 1287; x_wconf 86' lang='lat' dir='ltr'>Ridebat</span> <span class='ocrx_word' id='word_1_68' title='bbox 390 1252 551 1295; x_wconf 82' lang='lat' dir='ltr'>curaS‚</span> <span class='ocrx_word' id='word_1_69' title='bbox 588 1252 681 1285; x_wconf 91' lang='lat' dir='ltr'>nec</span> <span class='ocrx_word' id='word_1_70' title='bbox 703 1252 806 1285; x_wconf 91' lang='lat' dir='ltr'>non</span> <span class='ocrx_word' id='word_1_71' title='bbox 829 1245 879 1285; x_wconf 89' lang='lat' dir='ltr'>et</span> <span class='ocrx_word' id='word_1_72' title='bbox 903 1234 1082 1298; x_wconf 87' lang='lat' dir='ltr'>gaudia</span> <span class='ocrx_word' id='word_1_73' title='bbox 1104 1235 1270 1300; x_wconf 78' lang='lat' dir='ltr'>vulgi3</span> 
     </span>
    </p>
   </div>
   <div class='ocr_carea' id='block_1_4' title="bbox 149 1330 1676 2279">
    <p class='ocr_par' dir='ltr' id='par_1_6' title="bbox 149 1330 1641 1594">
     <span class='ocr_line' id='line_1_12' title="bbox 149 1330 1496 1404; baseline 0.001 -20"><span class='ocrx_word' id='word_1_74' title='bbox 149 1333 415 1404; x_wconf 85' lang='lat' dir='ltr'>Interdum</span> <span class='ocrx_word' id='word_1_75' title='bbox 436 1343 486 1384; x_wconf 90' lang='lat' dir='ltr'>et</span> <span class='ocrx_word' id='word_1_76' title='bbox 506 1332 768 1399; x_wconf 84' lang='lat' dir='ltr'>lacrymas,</span> <span class='ocrx_word' id='word_1_77' title='bbox 804 1350 924 1383; x_wconf 85' lang='lat' dir='ltr'>curn</span> <span class='ocrx_word' id='word_1_78' title='bbox 945 1330 1161 1383; x_wconf 85' lang='lat' dir='ltr'>fortunae</span> <span class='ocrx_word' id='word_1_79' title='bbox 1185 1332 1286 1397; x_wconf 87' lang='lat' dir='ltr'>ipse</span> <span class='ocrx_word' id='word_1_80' title='bbox 1307 1333 1496 1386; x_wconf 88' lang='lat' dir='ltr'>minaci</span> 
     </span>
     <span class='ocr_line' id='line_1_13' title="bbox 150 1429 1641 1497; baseline 0.001 -15"><span class='ocrx_word' id='word_1_81' title='bbox 150 1430 422 1483; x_wconf 87' lang='lat' dir='ltr'>Mandaret</span> <span class='ocrx_word' id='word_1_82' title='bbox 441 1431 703 1497; x_wconf 89' lang='lat' dir='ltr'>laqueum,</span> <span class='ocrx_word' id='word_1_83' title='bbox 740 1429 1068 1496; x_wconf 86' lang='lat' dir='ltr'>mediumque</span> <span class='ocrx_word' id='word_1_84' title='bbox 1091 1430 1371 1482; x_wconf 84' lang='lat' dir='ltr'>ostenderet</span> <span class='ocrx_word' id='word_1_85' title='bbox 1396 1450 1641 1496; x_wconf 84' lang='lat' dir='ltr'>unguem.</span> 
     </span>
     <span class='ocr_line' id='line_1_14' title="bbox 152 1526 1432 1594; baseline 0 -15"><span class='ocrx_word' id='word_1_86' title='bbox 152 1528 292 1594; x_wconf 86' lang='lat' dir='ltr'>Ergo</span> <span class='ocrx_word' id='word_1_87' title='bbox 315 1527 616 1594; x_wconf 83' lang='lat' dir='ltr'>supervacua</span> <span class='ocrx_word' id='word_1_88' title='bbox 640 1526 748 1578; x_wconf 84' lang='lat' dir='ltr'>haec</span> <span class='ocrx_word' id='word_1_89' title='bbox 773 1538 857 1578; x_wconf 86' lang='lat' dir='ltr'>aut</span> <span class='ocrx_word' id='word_1_90' title='bbox 879 1526 1151 1592; x_wconf 86' lang='lat' dir='ltr'>perniciosa</span> <span class='ocrx_word' id='word_1_91' title='bbox 1171 1540 1432 1593; x_wconf 86' lang='lat' dir='ltr'>petuntur,</span> 
     </span>
    </p>

    <p class='ocr_par' dir='ltr' id='par_1_7' title="bbox 154 1612 1666 2086">
     <span class='ocr_line' id='line_1_15' title="bbox 154 1612 1666 1694; baseline 0 -18"><span class='ocrx_word' id='word_1_92' title='bbox 154 1612 364 1691; x_wconf 87' lang='lat' dir='ltr'>Propter</span> <span class='ocrx_word' id='word_1_93' title='bbox 387 1641 501 1690; x_wconf 82' lang='lat' dir='ltr'>quae</span> <span class='ocrx_word' id='word_1_94' title='bbox 524 1623 597 1676; x_wconf 85' lang='lat' dir='ltr'>fas</span> <span class='ocrx_word' id='word_1_95' title='bbox 621 1624 689 1675; x_wconf 89' lang='lat' dir='ltr'>est</span> <span class='ocrx_word' id='word_1_96' title='bbox 711 1641 873 1689; x_wconf 88' lang='lat' dir='ltr'>genua</span> <span class='ocrx_word' id='word_1_97' title='bbox 894 1624 1112 1674; x_wconf 78' lang='lat' dir='ltr'>incerare</span> <span class='ocrx_word' id='word_1_98' title='bbox 1135 1625 1384 1676; x_wconf 82' lang='lat' dir='ltr'>Deorum.</span> <span class='ocrx_word' id='word_1_99' title='bbox 1608 1643 1666 1694; x_wconf 90' lang='grc'>55</span> 
     </span>
     <span class='ocr_line' id='line_1_16' title="bbox 159 1719 1422 1794; baseline 0 -20"><span class='ocrx_word' id='word_1_100' title='bbox 159 1722 417 1791; x_wconf 80' lang='lat' dir='ltr'>Qsdam</span> <span class='ocrx_word' id='word_1_101' title='bbox 440 1722 715 1788; x_wconf 84' lang='lat' dir='ltr'>praecipitat</span> <span class='ocrx_word' id='word_1_102' title='bbox 739 1719 957 1786; x_wconf 63' lang='lat' dir='ltr'>subjecta</span> <span class='ocrx_word' id='word_1_103' title='bbox 978 1723 1205 1794; x_wconf 20' lang='lat' dir='ltr'>pote-ntia</span> <span class='ocrx_word' id='word_1_104' title='bbox 1227 1741 1422 1788; x_wconf 84' lang='lat' dir='ltr'>magnae</span> 
     </span>
     <span class='ocr_line' id='line_1_17' title="bbox 160 1821 1488 1895; baseline 0.001 -22"><span class='ocrx_word' id='word_1_105' title='bbox 160 1821 388 1895; x_wconf 68' lang='lat' dir='ltr'>Invidiae,</span> <span class='ocrx_word' id='word_1_106' title='bbox 422 1822 607 1886; x_wconf 85' lang='lat' dir='ltr'>mergit</span> <span class='ocrx_word' id='word_1_107' title='bbox 630 1821 795 1886; x_wconf 83' lang='lat' dir='ltr'>longa,</span> <span class='ocrx_word' id='word_1_108' title='bbox 832 1833 981 1887; x_wconf 90' lang='lat' dir='ltr'>atque</span> <span class='ocrx_word' id='word_1_109' title='bbox 1006 1821 1207 1888; x_wconf 76' lang='lat' dir='ltr'>insignis</span> <span class='ocrx_word' id='word_1_110' title='bbox 1232 1821 1488 1875; x_wconf 86' lang='lat' dir='ltr'>honorum</span> 
     </span>
     <span class='ocr_line' id='line_1_18' title="bbox 159 1918 1554 1988; baseline 0.002 -17"><span class='ocrx_word' id='word_1_111' title='bbox 159 1920 347 1985; x_wconf 86' lang='lat' dir='ltr'>Pagina</span> <span class='ocrx_word' id='word_1_112' title='bbox 357 1942 372 1978; x_wconf 92' lang='lat'>;</span> <span class='ocrx_word' id='word_1_113' title='bbox 410 1918 716 1970; x_wconf 85' lang='lat' dir='ltr'>descendunt</span> <span class='ocrx_word' id='word_1_114' title='bbox 737 1919 925 1981; x_wconf 86' lang='lat' dir='ltr'>statuae,</span> <span class='ocrx_word' id='word_1_115' title='bbox 962 1920 1241 1986; x_wconf 88' lang='lat' dir='ltr'>restemque</span> <span class='ocrx_word' id='word_1_116' title='bbox 1263 1921 1554 1988; x_wconf 85' lang='lat' dir='ltr'>sequuntur.</span> 
     </span>
     <span class='ocr_line' id='line_1_19' title="bbox 159 2018 1342 2086; baseline 0.002 -15"><span class='ocrx_word' id='word_1_117' title='bbox 159 2018 292 2086; x_wconf 84' lang='lat' dir='ltr'>Ipsas</span> <span class='ocrx_word' id='word_1_118' title='bbox 315 2018 492 2070; x_wconf 87' lang='lat' dir='ltr'>deinde</span> <span class='ocrx_word' id='word_1_119' title='bbox 516 2030 645 2069; x_wconf 84' lang='lat' dir='ltr'>rotas</span> <span class='ocrx_word' id='word_1_120' title='bbox 668 2018 901 2084; x_wconf 83' lang='lat' dir='ltr'>bigarum</span> <span class='ocrx_word' id='word_1_121' title='bbox 923 2019 1143 2085; x_wconf 64' lang='lat' dir='ltr'>impacta</span> <span class='ocrx_word' id='word_1_122' title='bbox 1163 2020 1342 2073; x_wconf 88' lang='lat' dir='ltr'>securis</span> 
     </span>
    </p>

    <p class='ocr_par' dir='ltr' id='par_1_8' title="bbox 160 2116 1676 2279">
     <span class='ocr_line' id='line_1_20' title="bbox 160 2116 1676 2183; baseline 0.003 -13"><span class='ocrx_word' id='word_1_123' title='bbox 160 2117 341 2177; x_wconf 85' lang='lat' dir='ltr'>Caedit‚</span> <span class='ocrx_word' id='word_1_124' title='bbox 376 2128 427 2168; x_wconf 87' lang='lat' dir='ltr'>et</span> <span class='ocrx_word' id='word_1_125' title='bbox 450 2117 714 2168; x_wconf 87' lang='lat' dir='ltr'>immeritis</span> <span class='ocrx_word' id='word_1_126' title='bbox 744 2116 1045 2183; x_wconf 87' lang='lat' dir='ltr'>franguntur</span> <span class='ocrx_word' id='word_1_127' title='bbox 1065 2137 1208 2170; x_wconf 88' lang='lat' dir='ltr'>crura</span> <span class='ocrx_word' id='word_1_128' title='bbox 1227 2119 1445 2171; x_wconf 72' lang='lat' dir='ltr'>caballis,</span> <span class='ocrx_word' id='word_1_129' title='bbox 1610 2124 1676 2174; x_wconf 84' lang='lat'>60</span> 
     </span>
     <span class='ocr_line' id='line_1_21' title="bbox 161 2210 1470 2279; baseline 0.002 -16"><span class='ocrx_word' id='word_1_130' title='bbox 161 2213 279 2279; x_wconf 90' lang='lat' dir='ltr'>Jam</span> <span class='ocrx_word' id='word_1_131' title='bbox 301 2212 516 2263; x_wconf 89' lang='lat' dir='ltr'>stridunt</span> <span class='ocrx_word' id='word_1_132' title='bbox 538 2213 696 2276; x_wconf 84' lang='lat' dir='ltr'>igneS,</span> <span class='ocrx_word' id='word_1_133' title='bbox 721 2210 832 2276; x_wconf 85' lang='lat' dir='ltr'>jam</span> <span class='ocrx_word' id='word_1_134' title='bbox 853 2210 1058 2263; x_wconf 85' lang='lat' dir='ltr'>follibus</span> <span class='ocrx_word' id='word_1_135' title='bbox 1082 2225 1234 2278; x_wconf 87' lang='lat' dir='ltr'>atque</span> <span class='ocrx_word' id='word_1_136' title='bbox 1257 2214 1470 2266; x_wconf 83' lang='lat' dir='ltr'>caminis</span> 
     </span>
    </p>
   </div>
   <div class='ocr_carea' id='block_1_5' title="bbox 163 2305 1493 2465">
    <p class='ocr_par' dir='ltr' id='par_1_9' title="bbox 163 2305 1493 2465">
     <span class='ocr_line' id='line_1_22' title="bbox 163 2305 1493 2374; baseline 0.001 -16"><span class='ocrx_word' id='word_1_137' title='bbox 163 2306 325 2358; x_wconf 88' lang='lat' dir='ltr'>Ardet</span> <span class='ocrx_word' id='word_1_138' title='bbox 347 2305 611 2356; x_wconf 86' lang='lat' dir='ltr'>adoratum</span> <span class='ocrx_word' id='word_1_139' title='bbox 634 2305 825 2371; x_wconf 91' lang='lat' dir='ltr'>populo</span> <span class='ocrx_word' id='word_1_140' title='bbox 848 2317 1016 2371; x_wconf 87' lang='lat' dir='ltr'>caput,</span> <span class='ocrx_word' id='word_1_141' title='bbox 1051 2318 1102 2356; x_wconf 91' lang='lat' dir='ltr'>et</span> <span class='ocrx_word' id='word_1_142' title='bbox 1124 2320 1291 2372; x_wconf 89' lang='lat' dir='ltr'>crepat</span> <span class='ocrx_word' id='word_1_143' title='bbox 1315 2309 1493 2374; x_wconf 85' lang='lat' dir='ltr'>ingens</span> 
     </span>
     <span class='ocr_line' id='line_1_23' title="bbox 165 2397 1353 2465; baseline 0.003 -15"><span class='ocrx_word' id='word_1_144' title='bbox 165 2399 396 2465; x_wconf 87' lang='lat' dir='ltr'>Sejanus:</span> <span class='ocrx_word' id='word_1_145' title='bbox 432 2398 610 2450; x_wconf 86' lang='lat' dir='ltr'>deinde</span> <span class='ocrx_word' id='word_1_146' title='bbox 634 2416 696 2449; x_wconf 86' lang='lat' dir='ltr'>ex</span> <span class='ocrx_word' id='word_1_147' title='bbox 718 2397 846 2450; x_wconf 86' lang='lat' dir='ltr'>facie</span> <span class='ocrx_word' id='word_1_148' title='bbox 867 2411 977 2450; x_wconf 89' lang='lat' dir='ltr'>toto</span> <span class='ocrx_word' id='word_1_149' title='bbox 999 2399 1118 2451; x_wconf 89' lang='lat' dir='ltr'>orbe</span> <span class='ocrx_word' id='word_1_150' title='bbox 1141 2400 1353 2453; x_wconf 87' lang='lat' dir='ltr'>secunda</span> 
     </span>
    </p>
   </div>
   <div class='ocr_carea' id='block_1_6' title="bbox 165 2494 1681 2765">
    <p class='ocr_par' dir='ltr' id='par_1_10' title="bbox 165 2494 1681 2765">
     <span class='ocr_line' id='line_1_24' title="bbox 165 2494 1255 2563; baseline 0.001 -14"><span class='ocrx_word' id='word_1_151' title='bbox 165 2499 322 2550; x_wconf 91' lang='lat' dir='ltr'>Fiunt</span> <span class='ocrx_word' id='word_1_152' title='bbox 345 2499 549 2558; x_wconf 88' lang='lat' dir='ltr'>urceoli,</span> <span class='ocrx_word' id='word_1_153' title='bbox 585 2494 765 2563; x_wconf 84' lang='lat' dir='ltr'>pelves,</span> <span class='ocrx_word' id='word_1_154' title='bbox 801 2497 1007 2563; x_wconf 86' lang='lat' dir='ltr'>sartago,</span> <span class='ocrx_word' id='word_1_155' title='bbox 1043 2497 1255 2563; x_wconf 86' lang='lat' dir='ltr'>patellae.</span> 
     </span>
     <span class='ocr_line' id='line_1_25' title="bbox 168 2594 1681 2666; baseline 0.003 -19"><span class='ocrx_word' id='word_1_156' title='bbox 168 2596 306 2648; x_wconf 89' lang='lat' dir='ltr'>Pone</span> <span class='ocrx_word' id='word_1_157' title='bbox 330 2595 469 2646; x_wconf 87' lang='lat' dir='ltr'>domi</span> <span class='ocrx_word' id='word_1_158' title='bbox 488 2594 675 2665; x_wconf 46' lang='lat' dir='ltr'>lauro&amp;</span> <span class='ocrx_word' id='word_1_159' title='bbox 704 2594 802 2645; x_wconf 88' lang='lat' dir='ltr'>duc</span> <span class='ocrx_word' id='word_1_160' title='bbox 828 2595 881 2646; x_wconf 90' lang='lat' dir='ltr'>in</span> <span class='ocrx_word' id='word_1_161' title='bbox 904 2594 1155 2661; x_wconf 87' lang='lat' dir='ltr'>Capitolia</span> <span class='ocrx_word' id='word_1_162' title='bbox 1177 2614 1424 2661; x_wconf 82' lang='lat' dir='ltr'>magnum</span> <span class='ocrx_word' id='word_1_163' title='bbox 1620 2602 1649 2651; x_wconf 83' lang='lat'><em>6</em></span> <span class='ocrx_word' id='word_1_164' title='bbox 1655 2619 1681 2666; x_wconf 86' lang='grc'><em>5</em></span> 
     </span>
     <span class='ocr_line' id='line_1_26' title="bbox 170 2688 1391 2765; baseline 0.002 -23"><span class='ocrx_word' id='word_1_165' title='bbox 170 2691 531 2765; x_wconf 78' lang='lat' dir='ltr'>Cretatumque</span> <span class='ocrx_word' id='word_1_166' title='bbox 556 2689 740 2743; x_wconf 85' lang='lat' dir='ltr'>bovem</span> <span class='ocrx_word' id='word_1_167' title='bbox 758 2712 773 2750; x_wconf 79' lang='lat'>3</span> <span class='ocrx_word' id='word_1_168' title='bbox 811 2688 1013 2755; x_wconf 81' lang='lat' dir='ltr'>Sejanus</span> <span class='ocrx_word' id='word_1_169' title='bbox 1036 2691 1234 2743; x_wconf 82' lang='lat' dir='ltr'>ducitur</span> <span class='ocrx_word' id='word_1_170' title='bbox 1259 2711 1391 2745; x_wconf 88' lang='lat' dir='ltr'>unco</span> 
     </span>
    </p>
   </div>
   <div class='ocr_carea' id='block_1_7' title="bbox 868 2784 1685 2856">
    <p class='ocr_par' dir='ltr' id='par_1_11' title="bbox 868 2784 1685 2856">
     <span class='ocr_line' id='line_1_27' title="bbox 868 2784 1685 2856; baseline 0.009 -21"><span class='ocrx_word' id='word_1_171' title='bbox 868 2784 928 2835; x_wconf 65' lang='lat' dir='ltr'>&#39;G</span> <span class='ocrx_word' id='word_1_172' title='bbox 1531 2788 1685 2856; x_wconf 86' lang='lat' dir='ltr'>Spec-</span> 
     </span>
    </p>
   </div>
  </div>
 </body>
</html>
