1941 3363
593 198 853 262 PERsn
903 199 1175 262 SATYRA
1227 212 1296 263 V.
1601 203 1722 264 181

175 340 314 393 Cum
338 340 507 394 blandi
531 345 762 404 comiteS,
790 356 997 411 totaque
1019 345 1230 412 impune
1255 345 1449 397 Subura

174 436 403 490 Permifit
427 440 636 507 sparfiffe
661 441 831 493 oculos
849 440 961 508 jam
983 444 1224 494 candidus
1248 444 1406 495 umbo
1427 463 1440 495 :

175 535 420 603 Cumque
443 538 538 588 iter
562 538 863 603 ambiguum
887 539 973 598 est,
999 551 1048 590 et
1072 540 1186 590 vitae
1211 541 1400 593 nescius
1425 559 1561 593 error

172 633 389 689 Diducit
413 636 628 702 trepidas
653 636 843 688 ramosa
866 637 916 688 in
941 638 1166 704 compita
1190 652 1401 700 menteS,
1639 657 1665 704 3
1676 656 1699 704 5

171 731 268 783 Me
292 733 386 784 tibi
409 734 637 800 supposui
657 754 668 785 :
707 746 901 786 teneros
925 747 980 785 tu
1006 735 1203 802 suscipis
1227 755 1382 789 annos

173 829 446 891 Socratioe,
473 833 718 892 Cornute,
744 833 873 884 finu:
913 844 1034 883 tunc
1057 831 1225 883 fallere
1248 833 1395 885 solers

170 927 416 993 Appofita
438 928 650 980 intortos
675 929 901 980 extendit
926 929 1097 995 regula
1122 947 1285 980 mores
1295 953 1310 988 ς

170 1024 241 1076 Et
265 1028 517 1093 premitur
540 1028 729 1079 ratione
755 1028 973 1088 animm,
997 1028 1231 1095 vincique
1255 1028 1462 1087 laborat,

171 1121 541 1189 Artificemque
565 1137 653 1176 tuo
676 1124 817 1175 ducit
839 1124 927 1176 sub
950 1125 1130 1191 pollice
1154 1125 1372 1176 vultum.
1636 1139 1704 1183 40

169 1215 374 1268 Tecum
397 1219 589 1271 etenim
610 1219 788 1285 longos
813 1219 1027 1272 memini
1049 1219 1342 1271 consumere
1366 1218 1508 1278 soleS,

169 1314 241 1366 Et
267 1327 438 1369 tecum
460 1317 647 1383 primas
670 1318 830 1385 epulis
857 1318 1119 1384 decerpere
1143 1319 1334 1369 nobles,

170 1413 354 1465 Unum
377 1432 505 1482 opus
532 1428 582 1466 et
607 1417 835 1482 requiem
858 1416 1043 1482 pariter
1065 1415 1378 1481 disponimus
1405 1412 1575 1473 amb0,

170 1511 345 1577 Atque
367 1512 648 1569 verecunda
668 1512 894 1564 laxamus
920 1512 1040 1564 seria
1063 1512 1246 1563 mensa.

169 1605 295 1659 Non
322 1608 560 1672 equidem
581 1608 680 1660 hoc
706 1608 924 1669 dubiteS,
952 1607 1223 1659 amborum
1244 1606 1432 1659 foedere
1454 1618 1592 1658 certo
1638 1624 1668 1667 4
1675 1621 1700 1671 5

171 1705 468 1757 Consentire
489 1705 610 1765 dies,
637 1717 687 1756 et
709 1704 770 1756 ab
794 1723 896 1756 uno
919 1704 1070 1756 fidere
1094 1704 1210 1755 duci
1230 1724 1243 1755 ε

168 1801 357 1854 Nostra
379 1803 458 1854 vel
483 1803 661 1870 aequali
685 1802 934 1869 suspendit
958 1813 1190 1868 tempora
1212 1799 1367 1851 Libra

171 1899 325 1951 Parca
349 1911 499 1951 tenax
519 1899 640 1959 veri,
664 1898 747 1951 seu
771 1910 888 1950 nata
908 1896 1139 1948 fidelibus
1161 1894 1286 1947 hora

171 1992 373 2045 Dividit
395 1993 448 2043 in
472 1993 722 2044 Geminos
744 1991 1011 2043 concordia
1033 1989 1134 2041 fata
1157 1989 1408 2040 duorum:

173 2088 551 2153 Saturnumque
574 2105 780 2153 gravem
802 2084 970 2136 nostro
995 2086 1120 2152 Jove
1143 2082 1420 2148 frangimus
1445 2100 1561 2135 una.
1639 2100 1700 2148 50

171 2181 358 2233 Nescio
385 2180 540 2248 quod,
565 2193 698 2232 certe
716 2178 803 2239 est,
830 2179 967 2245 quod
988 2197 1071 2229 me
1091 2177 1186 2227 tibi
1203 2189 1466 2242 temperat,
1492 2176 1698 2228 astrum.

171 2274 322 2326 Mille
344 2274 618 2326 hominum
642 2272 844 2339 species,
872 2284 921 2322 et
942 2289 1111 2322 rerum
1136 2269 1346 2320 discolor
1369 2269 1511 2321 usus:

169 2371 316 2423 Velle
341 2372 489 2423 suum
511 2371 694 2437 cuique
716 2369 802 2430 est,
830 2387 922 2420 nec
950 2382 1067 2420 voto
1090 2368 1276 2419 vivitur
1299 2386 1420 2418 uno.

171 2468 436 2521 Mercibus
460 2467 544 2519 hic
568 2466 702 2518 Italis
730 2477 894 2516 mutat
919 2464 1007 2515 sub
1031 2464 1127 2515 sole
1154 2465 1343 2515 recenti

173 2563 440 2628 Rugosum
470 2563 630 2628 piper,
657 2573 706 2611 et
729 2559 956 2626 pallentis
982 2577 1135 2623 grana
1159 2557 1382 2608 cumini:
1643 2573 1667 2622 5
1677 2574 1701 2623 5

174 2660 280 2712 Hic
304 2658 435 2711 satur
458 2659 645 2723 irriguo
670 2655 862 2708 mavult
885 2654 1159 2719 turgescere
1186 2653 1360 2706 somno
1377 2676 1393 2713 3

891 2752 954 2804 M
992 2769 1019 2815 3
1595 2747 1703 2798 Hic
