1941 3363
423 246 837 333 JUVENALIS
886 245 1160 306 SATYRA
1214 252 1306 309 ΙΙΙ.
1545 264 1619 306 21

121 392 377 444 Omnibus
405 392 488 444 hic
509 392 663 453 idem,
689 392 722 444 fi
744 391 878 444 foeda
901 405 950 444 et
973 392 1332 453 sciffalacerna,

120 487 171 537 Si
194 501 312 554 toga
335 488 580 540 sordidula
598 489 683 550 est,
709 502 758 541 et
783 502 927 556 rupta
951 492 1143 544 calceus
1168 492 1290 543 alter

114 583 255 640 -Pelle
278 597 415 652 patet
430 610 446 646 ς
483 587 559 637 vel
579 587 630 648 fi,
656 588 863 640 consuto
886 589 1353 650 vulnere‚‘craffum
1559 605 1649 654 150

118 680 293 747 Atque
317 700 486 739 recens
510 682 673 735 linum
695 684 908 738 ostendit
929 705 1032 738 non
1057 705 1155 738 una
1174 686 1412 739 cicatrix?

118 777 213 829 Nil
236 779 390 831 habet
412 780 586 832 infelix
609 796 872 850 paupertas
895 783 1066 836 durius
1091 784 1142 836 in
1168 787 1229 845 se,

121 883 297 952 Qm
319 881 456 948 quod
479 882 712 934 ridiculos
736 882 968 934 homines
991 881 1127 936 facit.
1165 885 1342 945 Exeat,
1372 884 1553 950 inquit,

124 981 175 1032 Si
196 980 360 1046 pudor
381 979 467 1039 est,
491 991 541 1030 et
566 980 628 1030 de
650 978 857 1045 pulvino
879 979 1044 1044 surgat
1068 982 1299 1048 equestri,

122 1077 284 1145 Cujus
310 1096 385 1130 res
408 1078 508 1144 legi
533 1096 635 1130 non
658 1076 854 1138 sufficit,
885 1089 935 1129 et
957 1078 1155 1131 sedeant
1187 1080 1271 1133 hic
1546 1101 1563 1133 1
1577 1100 1598 1147 5
1608 1099 1632 1149 5

122 1178 397 1231 Lenonum
420 1175 562 1243 pueri
586 1193 890 1243 quocunque
912 1177 964 1228 in
987 1177 1177 1230 fornice
1202 1179 1324 1230 nati.

121 1274 230 1327 Hic
252 1273 456 1340 plaudat
478 1271 626 1323 nitidi
650 1271 888 1338 praeconis
919 1271 1050 1325 filius
1073 1274 1207 1326 inter

125 1348 384 1435 Pinnirapi
405 1366 565 1419 cultos
579 1363 806 1432 juveneS,
827 1364 1135 1434 juvenesque
1155 1368 1358 1422 lanistae.

128 1468 210 1520 Sic
232 1466 439 1520 libitum
461 1481 609 1524 van0‚
633 1463 723 1530 qui
744 1482 835 1516 nos
859 1464 1101 1526 distinxit,
1130 1466 1347 1520 Othoni.
1549 1488 1639 1537 159

129 1566 260 1635 Qs
284 1581 437 1630 gener
459 1563 545 1613 hic
567 1562 757 1628 placuit
776 1563 921 1615 censu
945 1564 1128 1624 minor,
1166 1578 1314 1631 atque
1338 1567 1514 1632 puellae

130 1662 397 1716 Sarcinulis
417 1661 616 1726 impar?
652 1663 762 1728 quis
785 1680 971 1730 pauper
992 1662 1220 1715 scribitur
1244 1662 1436 1716 haeres?

130 1758 351 1828 Qndo
375 1759 428 1809 in
451 1758 666 1816 concilio
687 1759 756 1811 est
777 1760 1026 1810 AEdilibus
1047 1759 1065 1810 ?
1101 1761 1302 1825 agmine
1322 1760 1457 1814 facto

130 1858 427 1910 Debuerant
458 1856 584 1907 olim
607 1868 781 1909 tenues
806 1856 1032 1922 migrasse
1056 1857 1298 1926 Qrites.

130 1952 290 2005 Haud
311 1950 454 2004 facile
480 1964 762 2017 emergunt,
791 1970 1010 2018 quorum
1032 1952 1299 2006 virtutibus
1321 1954 1482 2007 obstat

134 2047 237 2106 Res
262 2046 468 2112 angusta
491 2046 631 2098 domi
657 2064 668 2095 ε
704 2045 786 2096 sed
807 2046 987 2101 Romae
1015 2047 1186 2098 durior
1212 2048 1308 2100 illis
1555 2053 1612 2102 16
1618 2068 1642 2117 5

135 2144 362 2194 Conatus
388 2162 400 2192 ε
438 2160 624 2207 magno
646 2140 921 2207 hospitium
947 2142 1240 2203 miserabile,
1272 2162 1461 2210 magno

137 2242 405 2293 Servorum
426 2252 637 2301 ventreS‚
669 2253 718 2291 et
742 2238 877 2304 frugi
900 2241 1097 2293 coenula
1121 2261 1326 2308 magno,

137 2340 398 2392 Fictilibus
421 2357 617 2390 ccenare
641 2339 813 2405 pudet,
852 2339 989 2405 quod
1012 2350 1158 2405 turpe
1180 2344 1381 2408 negavit

139 2436 427 2489 Transsatus
451 2435 614 2487 subito
636 2437 697 2488 ad
722 2435 934 2494 Mars08‚
968 2436 1292 2504 mensamque
1313 2440 1579 2500 Sabellam,

141 2533 522 2599 Contentusque
545 2533 647 2584 illic
670 2533 868 2583 Veneto
894 2532 1120 2598 duroque
1138 2535 1355 2586 cucu110.
1558 2555 1650 2603 170

142 2635 260 2685 Pars
287 2651 470 2699 magna
491 2632 645 2683 Italiae
668 2630 753 2691 est,
789 2631 823 2681 s1
846 2650 1023 2683 verum
1048 2633 1380 2694 admittimus,
1406 2635 1460 2687 in
1489 2654 1589 2703 qua

143 2730 316 2792 Nemo
343 2743 514 2797 togam
536 2730 686 2783 sumit
718 2729 809 2781 nifi
834 2743 1082 2782 mortuus.
1140 2730 1249 2798 Ipsa
1271 2731 1466 2785 dierum

875 2826 915 2877 B
940 2842 967 2891 3
1510 2826 1652 2880 Festa
