1941 3363
531 205 949 292 JUVENALIS
999 203 1274 263 SATYRA
1311 211 1351 262 I.
1648 216 1682 280 5

178 356 307 426 Qs
333 354 544 406 totidem
568 353 724 404 erexit
741 351 877 402 villas
898 351 914 400 ?
950 350 1060 416 quis
1085 349 1273 401 fercula
1294 349 1488 414 septem

177 455 376 504 Secreto
399 450 615 502 coenavit
643 466 758 499 avus
781 447 797 496 ?
827 464 961 497 nunc
987 444 1204 511 sportula
1226 444 1394 509 primo
1628 461 1655 508 9
1663 460 1687 508 5

176 549 382 600 Limine
406 565 556 613 parva
578 547 725 606 sedet,
752 546 909 598 turbae
935 545 1167 610 rapienda
1190 555 1393 610 togatae.

175 647 266 700 Ille
291 660 459 699 tamen
482 645 665 697 faciem
694 646 830 711 prius
855 643 1070 708 inspicit,
1096 655 1146 693 et
1168 642 1399 706 trepidat,
1426 660 1489 705 ne

177 746 470 813 Suppofitus
494 746 674 804 venias,
700 763 756 794 ac
777 743 897 794 falso
921 742 1125 792 nomine
1147 742 1332 808 poscas.

176 847 399 911 Agnitus
414 847 653 911 accipies:
680 843 827 910 jubet
849 862 876 894 a
897 859 1125 908 praecone
1151 842 1315 891 vocari

177 946 316 1012 Ipsos
341 945 654 1012 Trojugenas
679 963 690 994 :
728 961 849 994 nam
865 952 1046 993 vexant
1070 940 1226 991 limen
1253 951 1302 991 et
1319 939 1410 1006 ipsi
1603 959 1692 991 100

177 1043 481 1094 Nobiscum.
542 1045 624 1095 Da
649 1043 868 1108 praetori‚
899 1040 964 1094 da
986 1040 1167 1092 deinde
1189 1038 1410 1090 tribuno.

176 1142 274 1193 Sed
293 1142 554 1194 libertinus
579 1143 715 1209 prior
737 1142 830 1194 est:
868 1142 1021 1207 prior,
1048 1140 1231 1206 inquit,
1254 1157 1348 1203 ego
1366 1139 1553 1190 adsum.

177 1241 285 1292 Cur
307 1242 551 1293 timeam?
587 1241 877 1294 dubitemve
898 1241 1070 1291 locum
1094 1238 1391 1299 defendere;
1419 1242 1647 1305 quamvis

174 1338 342 1391 Natus
368 1341 429 1391 ad
451 1340 786 1407 Euphratem,
815 1339 992 1391 molles
1015 1339 1154 1405 quod
1177 1339 1229 1389 in
1249 1357 1364 1390 aure
1386 1338 1609 1391 fenestrae

176 1439 473 1502 Arguerint,
497 1438 616 1489 licet
645 1439 745 1504 ipse
770 1436 985 1503 negem?
1011 1436 1092 1488 sed
1116 1436 1342 1502 quinque
1366 1436 1581 1488 tabernae
1604 1457 1660 1489 10
1666 1456 1691 1504 5

178 1536 562 1602 Qadringenta
584 1547 775 1601 parant.
827 1535 967 1604 Qd
989 1534 1185 1586 confert
1209 1554 1433 1602 purpura
1460 1534 1621 1603 major

178 1631 499 1696 Optandum,
524 1631 559 1682 fi
581 1632 822 1682 Laurenti
845 1630 1060 1683 custodit
1083 1632 1135 1682 in
1155 1651 1275 1696 agro

176 1728 466 1780 Conductas
493 1729 740 1780 Corvinus
764 1727 910 1785 oves?
945 1746 1041 1795 ego
1064 1728 1282 1795 poffideo
1308 1730 1420 1795 plus

175 1824 416 1885 Pallante,
441 1838 490 1876 et
518 1826 728 1880 Licinis,
789 1824 1093 1891 Exspestent
1110 1845 1230 1891 ergo
1246 1827 1469 1879 Tribuni
1483 1851 1500 1887 3

177 1923 400 1974 Vincant
423 1924 632 1983 divitiae;
668 1924 801 1976 sacro
831 1943 923 1975 nec
946 1925 1089 1977 cedat
1112 1925 1294 1977 honori
1606 1945 1698 1977 110

178 2023 360 2089 Nuper
383 2024 436 2073 in
461 2022 593 2074 hanc
617 2023 795 2074 urbem
819 2023 1030 2089 pedibus
1056 2026 1143 2091 qui
1164 2037 1365 2076 venerat
1386 2026 1528 2079 albis.

180 2124 612 2192 Qndoquidem
628 2125 759 2175 inter
789 2143 879 2175 nos
896 2125 1191 2176 sanctiffima
1213 2126 1504 2180 divitiarum

178 2223 445 2290 Majestas:
483 2225 585 2284 etfi,
613 2224 807 2276 funesta
831 2225 1070 2284 Pecunia,
1092 2226 1285 2292 templo

178 2325 431 2377 Nondum
447 2324 659 2384 habitaS‚
695 2325 854 2376 nullas
879 2343 1215 2377 nummorum
1238 2327 1487 2379 ereximus
1511 2346 1632 2390 araS,

180 2424 257 2473 Ut
273 2422 456 2473 colitur
482 2422 602 2482 Pax,
622 2433 772 2487 atque
790 2422 956 2481 Fides,
984 2421 1224 2483 Vkstoria,
1249 2424 1442 2485 Virtus,
1605 2446 1695 2494 1¹5

182 2521 412 2588 Qaeque
432 2519 641 2570 salutato
665 2520 877 2584 crepitat
901 2519 1182 2571 Concordia
1201 2521 1339 2573 nido.

248 2619 344 2670 Sed
360 2638 481 2670 cum
503 2620 729 2671 summus
756 2619 920 2672 honor
939 2620 1086 2671 finito
1109 2636 1374 2688 computet
1399 2643 1550 2686 anno,

184 2717 418 2793 Sportula
439 2719 562 2785 quid
587 2719 783 2783 referat,
816 2733 1066 2786 quantum
1088 2722 1361 2775 rationibus
1388 2726 1535 2777 addat
1553 2749 1572 2785 ς

863 2819 967 2886 As
1560 2826 1701 2895 Qd
