1941 3363
715 215 1134 283 NOTAE.
1547 241 1675 308 223

151 363 214 418 ad
237 366 512 421 arcendum
536 367 727 434 ignem.
795 368 931 422 Cave
967 368 1216 434 intelligas
1253 368 1315 421 de
1350 367 1500 424 hamis
1523 371 1674 437 pisci-

152 480 245 518 um
266 466 449 533 syllaba
471 478 800 535 repugnante.
872 467 1063 533 Grang.

621 626 758 679 AD
827 626 1044 680 SAT.
1112 626 1232 684 XV.

219 752 341 805 Ver.
369 769 417 819 7.
450 752 557 805 Illic
576 751 810 805 coeruleos.
863 752 1099 805 Brodaeus
1137 757 1353 810 correxit
1385 757 1555 813 aeluros
1576 742 1612 811 ts
1633 779 1674 814 e,

137 847 281 916 feles,
310 867 437 917 quos
467 849 530 902 ab
555 849 808 917 AEgyptiis
832 868 924 916 pro
955 851 1068 904 Diis
1094 851 1255 905 cultos
1280 851 1484 906 testatur
1506 855 1678 907 Hero-

156 946 305 998 dotus
340 947 394 998 in
429 945 670 1012 Euterpe.
740 946 814 998 At
853 945 1101 1000 Turnebus
1143 948 1328 1001 retinet
1362 967 1533 1004 veram
1570 950 1680 1004 lec⁶

154 1037 348 1091 tionem
369 1039 603 1100 caeruleos,
629 1037 729 1091 hoc
751 1038 821 1091 est
842 1038 999 1106 pisces
1023 1041 1261 1093 marinOS.
1332 1043 1525 1109 Grang.

219 1138 302 1197 46.
337 1133 572 1188 Barbara
606 1132 772 1187 turba.
855 1135 963 1187 Alii
998 1135 1194 1189 codices
1233 1136 1425 1192 habent
1463 1139 1680 1195 barbara

154 1229 282 1297 repa,
308 1229 340 1282 i.
364 1249 404 1282 e.
439 1229 655 1282 immitis
677 1241 728 1282 et
751 1229 932 1297 aspera.

223 1347 306 1396 93.
344 1328 586 1393 Vascones,
615 1340 673 1382 ut
688 1328 831 1391 fama
854 1331 932 1394 est.
982 1331 1181 1384 Omnes
1215 1332 1411 1386 codices
1440 1353 1567 1402 quos
1600 1337 1682 1389 vi-
1711 1372 1713 1374 -

160 1425 340 1486 derim,
375 1423 582 1484 habent,
619 1433 677 1476 ut
691 1422 841 1489 fama
874 1426 952 1489 cst,
987 1425 1069 1478 sed
1095 1426 1145 1475 τδ
1177 1439 1235 1481 ut
1265 1429 1550 1484 tollendum
1589 1432 1678 1495 est,

158 1520 322 1575 versus
347 1522 488 1573 enim
511 1520 653 1572 aliter
676 1537 782 1572 non
802 1519 966 1573 staret.
1034 1523 1236 1577 Britan.

233 1638 340 1688 133.
377 1622 505 1674 Haec
535 1619 683 1683 nestri
705 1629 831 1686 pars
865 1619 1043 1685 optima
1065 1620 1246 1686 st’nfits.
1315 1624 1422 1677 Alii
1452 1625 1566 1680 sunt
1590 1627 1680 1694 qui

150 1728 277 1786 pars
299 1717 477 1783 optima
502 1716 700 1782 legunt,
730 1715 816 1769 alii
841 1725 967 1783 pars
997 1715 1180 1772 ultima.
1249 1720 1365 1788 Ego
1400 1735 1572 1777 autem
1604 1724 1680 1777 le-

161 1818 386 1884 gendum
409 1815 504 1868 effe
528 1826 674 1883 put0,

161 1942 292 1954 -—-
304 1916 405 1968 haec
424 1914 570 1977 nostri
578 1924 702 1980 pars
724 1913 905 1967 intima
909 1914 1074 1980 st’nfics
1085 1934 1105 1966 .·

162 2012 215 2066 id
255 2013 343 2074 est,
382 2012 495 2080 ipsae
528 2010 798 2076 lachrymae
836 2009 966 2072 sunt,
1004 2029 1115 2077 quae
1154 2010 1446 2066 interiorem
1485 2027 1681 2081 partem

162 2111 318 2165 nostri
353 2109 514 2162 sensus
549 2107 888 2176 patefaciunt:
924 2128 1045 2163 nam
1069 2129 1158 2177 per
1191 2108 1470 2177 lachrymas
1505 2114 1683 2165 interi-

164 2225 306 2260 orem
329 2207 568 2272 pietatem
590 2205 913 2257 ostendimus.
984 2206 1139 2271 Erg0‚
1171 2206 1354 2271 inquit,
1389 2220 1565 2259 natura
1585 2206 1682 2260 noss-

166 2300 243 2353 bis
277 2300 414 2353 dedit
450 2301 707 2367 pietatem,
746 2319 858 2366 quae
897 2318 986 2366 per
1019 2298 1297 2367 lachrymas
1335 2302 1652 2367 cognoscitur
1663 2326 1679 2361 ς

157 2395 306 2469 jubet
327 2397 466 2448 enim
488 2413 578 2447 nos
603 2396 759 2446 aliena
783 2395 1109 2449 incommoda
1131 2395 1338 2461 plorare.
1405 2397 1607 2450 Britan.

241 2510 347 2557 134.
386 2490 601 2561 Cazfffam
628 2491 844 2556 lugentzlc.
912 2492 1055 2557 Lego
1088 2490 1270 2557 castam
1312 2504 1370 2544 ut
1410 2492 1535 2544 illud
1564 2493 1682 2544 Vir-

168 2588 293 2653 gilii,
1054 2612 1075 2637 e

298 2684 373 2738 Et
394 2681 548 2747 ccfimz
572 2681 763 2746 insontis
783 2699 956 2738 mecum
980 2681 1262 2747 indignabar
1283 2682 1434 2736 amici.
1482 2683 1681 2736 Britan.

1387 2796 1496 2844 735·
1535 2781 1684 2846 Squa-
