1941 3363
491 193 907 281 JUVENALIS
956 189 1233 249 SATYRA
1268 196 1336 248 II.
1635 213 1677 272 9

164 344 405 402 Herculis
430 343 687 401 invadunt,
716 353 766 392 et
789 340 851 392 de
876 340 1059 392 virtute
1088 339 1246 392 locuti
1612 362 1676 397 20

163 444 385 495 Clunem
411 444 626 507 agitant:
663 459 758 506 ego
789 451 836 490 te
855 450 1133 497 ceventem‚
1160 438 1324 498 Sexte,
1350 439 1572 504 verebor,

162 540 373 592 Infamis
397 541 616 592 Varillus
641 539 742 590 ait?
779 556 880 603 quo
904 537 1119 588 deterior
1152 549 1200 588 te
1222 537 1239 587 ?

163 637 470 702 Loripedem
495 640 654 688 rectus
681 634 916 694 derideat,
942 633 1240 700 AEthiopem
1265 635 1421 689 albus.

166 737 294 804 Qs
321 737 491 788 tulerit
514 734 771 787 Gracchos
796 732 857 784 de
882 732 1119 783 seditione
1144 748 1407 797 querentes
1428 738 1447 787 ?

167 834 295 901 Qs
319 834 509 885 coelum
533 833 672 884 terris
707 848 809 881 non
833 829 1052 889 misceat,
1080 842 1131 881 et
1154 849 1290 883 mare
1315 835 1463 896 coe10,
1615 857 1640 892 2
1647 859 1676 907 ς

166 933 216 983 Si
244 932 324 983 fur
350 933 602 998 displiceat
622 930 787 988 Verri,
820 928 1077 980 homicida
1100 929 1291 994 Miloni
1311 932 1329 981 ?

169 1031 382 1083 Clodius
408 1031 604 1083 accuset
621 1029 867 1088 moechOS‚
895 1028 1116 1079 Catilina
1137 1030 1465 1097 Cethegum?

163 1130 224 1180 In
250 1131 473 1182 tabulam
498 1130 638 1196 Syllae
659 1128 694 1179 fi
718 1128 886 1183 dicant
911 1127 1139 1193 discipuli
1163 1130 1300 1181 tres?

167 1229 342 1298 Qlis
367 1241 470 1279 erat
492 1245 651 1293 nuper
677 1227 865 1292 tragico
889 1225 1113 1292 pollutus
1140 1226 1335 1280 adulter

166 1327 458 1379 Concubitu
481 1345 493 1377 ε
528 1326 618 1391 qui
641 1335 764 1376 tunc
787 1324 919 1388 leges
944 1324 1207 1376 revocabat
1230 1343 1420 1380 amaras
1613 1351 1680 1400 30

166 1429 440 1487 Omnibus,
468 1440 618 1492 atque
641 1426 752 1492 ipfis
779 1426 966 1477 Veneri
988 1426 1251 1493 Martique
1275 1431 1540 1496 timendaS,

165 1527 305 1577 Cum
330 1539 404 1577 tot
431 1525 663 1576 abortivis
689 1523 980 1575 foecundam
1003 1524 1138 1589 Julia
1160 1526 1361 1580 vulvam

167 1624 403 1683 Solveret,
424 1636 480 1688 et,
494 1635 672 1689 patruo
696 1621 876 1672 fimiles
900 1620 1172 1674 effunderit
1191 1624 1350 1676 offas?

165 1722 354 1774 Nonne
378 1723 532 1787 igitur
548 1719 661 1787 jure
684 1739 740 1771 ac
762 1721 945 1771 merito
968 1721 1089 1771 vitia
1118 1721 1298 1775 ultima
1321 1724 1463 1778 fictos

166 1821 519 1872 Contemnunt
541 1820 766 1878 Scauros,
792 1831 841 1871 et
865 1818 1100 1884 castigata
1121 1821 1448 1875 remordent?
1617 1847 1645 1894 3
1651 1847 1681 1896 5

165 1918 292 1969 Non
314 1918 430 1969 tulit
453 1935 516 1968 ex
537 1917 634 1968 illis
659 1930 859 1969 torvum
881 1918 1098 1969 Laronia
1120 1921 1377 1984 quendam

167 2016 491 2067 Clamantem
510 2015 685 2066 toties:
723 2014 809 2065 ubi
834 2033 968 2066 nunc
993 2015 1075 2067 lex
1095 2017 1267 2083 Julia?
1291 2020 1517 2073 dormis?

167 2115 341 2180 Atque
364 2114 433 2164 ita
455 2112 741 2164 subridens:
777 2111 943 2164 felicia
965 2126 1212 2180 tempora,
1244 2135 1355 2182 quae
1380 2131 1432 2170 te

168 2209 404 2260 Moribus
428 2221 726 2274 opponunt:
761 2208 1070 2277 habeatjam
1100 2212 1271 2263 Roma
1291 2214 1560 2280 pudorem.

168 2303 372 2365 Tertius
392 2322 417 2354 e
440 2302 569 2354 coelo
591 2303 774 2354 cecidit
797 2304 943 2356 Cato,
1001 2306 1097 2356 Sed
1120 2318 1290 2359 tamen
1313 2311 1448 2361 unde
1615 2332 1682 2375 40

170 2399 298 2450 Haec
315 2398 458 2458 emis,
481 2398 670 2450 hirsuto
694 2398 877 2464 spirant
900 2400 1217 2467 opobalsama
1237 2403 1370 2455 collo

172 2494 300 2562 Qae
324 2493 448 2545 tibi?
484 2512 547 2545 ne
569 2495 755 2561 pudeat
773 2495 1039 2548 dominum
1061 2499 1333 2551 monstrare
1351 2500 1585 2555 tabernae.

173 2589 330 2657 Qd
351 2591 386 2641 fi
419 2603 662 2642 vexantur
682 2592 834 2658 leges,
861 2612 917 2645 ac
938 2593 1068 2661 jura,
1093 2597 1235 2648 citari

172 2687 311 2749 Ante
333 2705 506 2741 omnes
526 2688 674 2742 debet
700 2690 966 2745 Scantinia.
1015 2693 1226 2761 Respice
1245 2695 1473 2761 primum

1613 2792 1683 2844 Et
