1941 3363
530 195 789 260 ‚PERsu
857 191 1241 268 SATYRAUI.
1547 189 1670 268 167

155 344 309 401 Unde¹
324 345 536 408 Remus,
562 345 798 410 sulcoque
822 355 982 401 terens
1005 340 1238 399 dentalia,
1322 338 1466 398 uinti,

155 443 294 494 Cum
319 443 512 509 trepida
535 455 648 493 ante
674 442 823 493 boves
848 442 1162 491 Distatorem
1186 437 1350 488 induit
1375 455 1517 495 uxor,

154 540 224 591 Et
251 552 337 591 tua
360 554 515 592 aratra
539 543 752 592 domum
776 540 920 591 lictor
942 540 1076 590 tulit.
1146 539 1291 602 Euge
1318 543 1494 603 poe‘ta3
1613 554 1672 602 75

156 636 245 687 Est
271 656 427 698 nunc,
450 639 604 689 Brise'i'
629 655 785 703 quem
809 635 1012 688 venosus
1035 635 1160 686 liber
1183 634 1328 693 Acci,

158 736 300 794 Sunt,
326 735 835 800 quosPacuviusque,
861 743 910 783 et
932 733 1187 794 verrucosa
1214 745 1438 783 moretur

158 831 399 896 Antiopa,
426 832 662 883 aerumnis
688 850 774 882 cor
798 829 1119 881 luctificabile
1144 828 1287 879 fulta.

158 928 271 978 Hos
297 928 463 993 pueris
488 928 712 994 monitus
737 939 900 993 patres
923 925 1189 977 infundere
1210 925 1373 992 lippos

145 1023 303 1075 Cum·
321 1022 503 1083 videas,
529 1023 787 1089 quaerisne,
812 1022 945 1073 unde
967 1021 1074 1072 haec
1099 1021 1286 1086 sartago
1310 1021 1550 1087 loquendi
1620 1028 1680 1073 80

161 1101 371 1173 Vener-it
393 1123 445 1173 in
471 1123 702 1188 linguas?
739 1122 870 1173 unde
894 1109 1021 1172 istud
1045 1121 1276 1180 dedecus,
1301 1121 1351 1172 in
1378 1140 1482 1187 quo

159 1216 421 1268 Troffulus
443 1218 634 1268 exultat
655 1217 748 1268 tibi
772 1236 860 1283 per
883 1217 1107 1269 subsellia
1129 1216 1276 1268 levis?
1343 1266 1352 1274 ,

159 1309 317 1362 Nilne
340 1311 492 1377 pudet
514 1313 667 1378 capiti
691 1331 793 1364 non
816 1312 947 1379 poffe
972 1312 1193 1378 pericula
1215 1329 1340 1362 cano

161 1409 368 1469 Pellere,
392 1411 515 1476 quin
538 1411 770 1476 tepidum
793 1409 892 1462 hoc
918 1423 1062 1477 optes
1090 1411 1275 1470 audire,
1299 1410 1563 1466 decenter?

147 1510 267 1560 ‚Fur
289 1526 357 1568 es,
384 1511 451 1560 ait
473 1510 642 1560 Pedio.
713 1509 894 1561 Pedius
919 1491 1075 1576 quid?
1100 1510 1312 1561 crimina
1336 1509 1446 1560 rafis
1623 1517 1648 1560 8
1658 1527 1683 1576 5

163 1609 341 1659 Librat
364 1609 416 1659 in
441 1608 723 1659 antithetis:
760 1609 937 1659 doetus
954 1608 1167 1675 posuiffe
1189 1608 1372 1673 figuras

164 1708 440 1759 Laudatur.
476 1707 675 1758 Bellum
692 1706 816 1758 hoc:
840 1706 938 1758 hoc
956 1706 1177 1759 bellum?
1197 1725 1258 1757 an
1276 1706 1498 1757 Romule
1515 1708 1682 1758 ceves?

165 1804 310 1856 Men'
331 1803 562 1855 moveat?
587 1804 777 1870 quippe
802 1814 852 1853 et
874 1815 1042 1855 cantet
1065 1804 1099 1855 fi
1124 1802 1412 1867 naufragUS,
1438 1804 1588 1856 affem

165 1905 496 1956 Protulerim?
532 1915 717 1963 cantas,
741 1921 864 1954 cum
886 1903 1041 1955 frasta
1064 1916 1113 1955 te
1136 1904 1187 1954 in
1211 1903 1349 1954 trabe
1372 1904 1570 1968 piCtum

143 2005 249 2056 -Ex
272 2004 488 2055 humero
511 2003 708 2070 portes?
734 2022 925 2063 verum,
952 2022 1044 2055 nec
1070 2004 1217 2053 noE'oe
1241 2014 1488 2068 paratum,
1626 2024 1689 2071 90

166 2105 406 2164 Plorabit,
432 2106 521 2171 qui
545 2124 627 2156 me
653 2106 787 2157 volet
812 2104 1083 2158 incurvaffe
1107 2104 1322 2170 querela.

169 2199 266 2252 Sed
290 2201 511 2251 numeris
537 2200 687 2251 decor
709 2200 794 2260 est,
819 2214 869 2252 et
885 2199 1122 2266 junctura
1145 2200 1311 2251 addita
1332 2200 1514 2251 crudis.

170 2298 418 2349 Claudere
442 2297 506 2348 fic
529 2298 725 2349 versum
749 2297 924 2349 didicit
937 2321 952 2358 ς
988 2297 1350 2363 Berecynthius
1375 2300 1523 2366 Atys,

158 2395 240 2446 Et
264 2396 352 2461 qui
374 2396 653 2447 coeruleum
677 2395 946 2447 dirimebat
968 2395 1138 2446 Nerea
1161 2394 1385 2460 delphin.
1524 2378 1525 2381 Ἴ

171 2492 251 2543 Sic
274 2491 462 2543 costam
483 2491 994 2556 longo-subduximus
1020 2491 1346 2557 Appennino·
1632 2512 1659 2557 9
1668 2512 1692 2558 5

172 2587 333 2637 Arma
350 2587 544 2637 virum:
572 2604 742 2637 nonne
759 2585 858 2637 hoc
877 2584 1188 2651 spumosum,
1211 2598 1260 2636 et
1278 2586 1463 2637 cortice
1479 2586 1656 2652 pingui
1675 2588 1691 2636 ἓ

172 2682 249 2735 Ut
271 2682 454 2735 ramale
477 2694 618 2736 vetus
641 2681 931 2750 praegrandi„
947 2682 1118 2734 subere
1141 2684 1365 2754 costum.

840 2774 886 2827 L
921 2796 954 2838 4
1433 2777 1695 2844 anam
