1941 3363
331 248 413 296 2'2
622 234 1044 319 JUVENALrs
1095 237 1375 301 SATYRA
1425 232 1524 301 111.

320 380 585 432 Festorum
609 381 819 434 herboso
843 380 1024 434 colitur
1045 385 1283 450 siquando
1306 386 1502 439 theatro

318 475 572 542 Majestas,
607 479 913 545 tandemque
936 481 1063 532 redit
1083 480 1144 531 ad
1169 481 1365 547 pulpita
1389 496 1578 536 notum

313 572 591 635 Exodium,
621 594 742 629 cum
764 577 981 642 personae
1005 576 1232 644 pallentis
1257 576 1457 631 hiatum
1735 594 1824 645 175

313 671 375 721 In
398 674 592 735 gremio
617 675 790 725 matris
814 674 1052 726 formidat
1079 673 1285 724 rusticus
1311 672 1507 726 infans:
1791 670 1795 673 ⁵

314 769 554 836 AEquales
580 771 783 823 habitus
807 769 928 831 illic,
963 770 1239 837 similesque
1261 769 1453 823 videbis

313 866 654 927 orchestram,
692 881 742 919 et
765 868 1040 934 populum:
1078 867 1197 918 clari
1218 866 1446 918 velamen
1466 865 1690 927 honoris,

313 964 580 1017 Sufficiunt
603 966 784 1017 tunicae
810 965 1016 1016 summis
1039 963 1292 1015 AEdilibus
1323 964 1463 1015 albae.

308 1060 416 1111 Hic
443 1060 571 1111 ultra
592 1061 718 1113 vires
751 1061 952 1112 habitus
977 1062 1111 1114 nitor
1125 1087 1140 1123 3
1176 1063 1261 1115 hic
1283 1060 1472 1127 aliquid
1490 1061 1622 1128 plus,
1729 1066 1822 1115 180

308 1158 484 1228 Qm
508 1159 618 1210 satis
634 1159 737 1219 'est3
773 1161 1029 1211 interdum
1053 1160 1211 1211 aliena
1237 1161 1449 1212 sumitur
1471 1178 1599 1212 arca.

307 1258 599 1308 Commune
622 1257 673 1309 id
695 1257 876 1309 vitium
900 1257 1002 1307 est:
1039 1256 1124 1309 hic
1147 1258 1359 1310 vivimus
1385 1257 1646 1310 ambitiosa

305 1353 604 1422 Paupertate
627 1373 821 1407 omnes.
881 1354 1021 1422 Qd
1044 1365 1095 1404 te
1118 1354 1320 1405 moror?
1347 1355 1519 1406 onmia
1542 1354 1724 1405 Romae

303 1454 443 1505 Cum
468 1455 646 1521 preti0.
701 1454 843 1521 Qd
865 1453 967 1512 das,
992 1464 1048 1504 ut
1072 1451 1280 1504 Coffum
1303 1452 1570 1519 aliquando
1599 1451 1812 1509 salutes?

301 1552 378 1604 Ut
397 1567 445 1604 te
470 1552 696 1618 respiciat
719 1551 884 1602 clauso
907 1550 1125 1601 Veiento
1149 1549 1331 1602 labello
1351 1550 1369 1599 ?
1719 1556 1774 1602 18
1783 1565 1810 1617 ς

296 1651 390 1704 Ille
415 1652 562 1703 metit
586 1650 810 1708 barbam,
831 1649 1026 1700 crinem
1047 1649 1132 1701 hic
1156 1649 1364 1717 deponit
1389 1650 1575 1702 amati:

296 1750 452 1803 Plena
475 1751 654 1802 domus
678 1749 790 1800 libis
815 1746 1087 1801 venalibus.
1150 1747 1359 1813 Accipe,
1384 1759 1433 1798 et
1455 1747 1582 1799 illud

291 1848 336 1900 F
339 1860 627 1900 ermentum
650 1845 741 1897 tibi
757 1844 914 1896 habe:
950 1845 1175 1912 praestare
1199 1845 1386 1896 tributa
1411 1844 1616 1896 clientes

291 1948 558 2013 Cogimur,
593 1958 643 1997 et
666 1946 812 1998 cultis
835 1963 1015 2010 augere
1039 1945 1236 2010 peculia
1261 1944 1423 1997 servis,

293 2046 422 2116 Qs
448 2047 611 2105 timet,
638 2057 724 2096 aut
748 2045 920 2096 timuit
946 2043 1108 2108 gelida
1131 2042 1368 2094 Praeneste
1391 2043 1611 2104 ruinam,
1707 2063 1801 2110 190

289 2145 399 2199 Aut
421 2144 587 2209 pofitis
613 2142 871 2195 nemorosa
889 2144 1021 2193 inter
1036 2139 1162 2207 juga
1183 2140 1433 2201 Volsiniis,
1460 2156 1546 2195 aut

289 2242 611 2308 Simplicibus
630 2240 825 2299 Gabiis,
859 2251 944 2291 aut
971 2237 1116 2304 proni
1142 2236 1351 2288 Tiburis
1372 2238 1517 2290 arce?

281 2339 395 2392 Nos
417 2339 596 2390 urbem
615 2336 828 2387 colimus
851 2334 990 2386 tenui
1010 2333 1214 2384 tibicine
1234 2331 1418 2384 fultam

281 2436 477 2502 Magna
500 2446 642 2501 parte
664 2434 735 2486 sui
761 2453 772 2483 :
810 2451 927 2483 nam
951 2433 1014 2484 fic
1034 2431 1319 2482 labentibus
1345 2431 1507 2485 obstat

279 2531 509 2590 Villicus,
536 2542 586 2581 et
607 2530 782 2580 veteris
808 2530 945 2580 rimce
971 2529 1194 2580 contexit
1219 2526 1434 2589 hiatum;
1699 2548 1756 2595 19
1763 2545 1791 2596 5

279 2629 488 2679 Securos
509 2626 757 2693 pendente
771 2625 918 2692 jubet
944 2625 1161 2676 dormire
1185 2624 1342 2675 ruina.
1365 2627 1367 2630 ⁴

277 2723 567 2782 vivendum
592 2722 660 2780 est
680 2724 799 2785 illie,
825 2723 913 2780 ubi
936 2721 1070 2776 nulla
1093 2721 1341 2783 incendia,
1368 2721 1496 2779 nulli

1633 2817 1784 2878 Noc-2
