1941 3363
247 218 336 277 40
550 201 991 288 JUVENAms
1049 207 1321 272 SATYRA
1371 222 1438 272 V.

244 348 305 399 In
324 347 577 412 gremium
593 350 744 415 patris
768 349 946 402 fundat
967 352 1133 413 simul,
1156 355 1257 421 ipse
1278 356 1478 423 loquaci

246 445 504 497 Gaudebit
526 440 659 506 ni'do,
685 448 894 499 viridem
917 447 1120 500 thoraca
1137 448 1342 516 Jubebit

242 549 449 609 Afferri‚
469 548 803 614 minimasque
824 563 995 606 nuceS,
1021 545 1273 615 assemque
1295 562 1546 615 rogatum,

243 646 328 697 Ad
355 646 578 697 mensam
603 646 800 711 quoties
825 646 1058 712 parasitus
1080 646 1271 698 venerit
1291 646 1474 701 infans.
1671 671 1728 713 14
1734 668 1761 717 5

242 745 440 796 Vilibus
464 743 703 809 ancipites
728 744 877 811 fungi
901 758 1152 812 ponentur
1174 745 1366 806 amiciS,

242 842 447 894 Boletus
472 841 680 893 domino
703 865 718 901 ;
756 841 837 893 sed
861 842 1066 909 qualem
1088 844 1333 897 Claudius
1362 845 1465 897 edit

243 941 383 992 Ante
405 940 554 991 illum
577 941 763 1000 uxoriS,
787 940 896 1007 post
921 959 1078 1007 quem
1100 942 1172 992 nil
1195 943 1408 1009 amplius
1434 941 1552 995 edit.

244 1036 394 1089 Virro
417 1038 507 1089 fibi
532 1049 582 1089 et
601 1037 804 1104 reliquis
829 1038 1129 1091 Virronibus
1151 1039 1452 1106 illajubebit

242 1135 403 1189 Poma
426 1136 547 1197 dari,
573 1155 793 1202 quorum
816 1136 915 1189 solo
938 1137 1146 1204 pascaris
1162 1139 1313 1190 odore
1332 1161 1349 1198 3
1671 1152 1762 1202 150

244 1235 428 1302 Qlia
450 1248 720 1302 perpetuus
743 1236 1015 1290 Phaeacum
1037 1240 1335 1289 Autumnus
1358 1235 1592 1297 habebat,

244 1333 461 1385 Credere
488 1353 600 1401 quae
623 1334 770 1401 poffis
796 1335 1018 1401 surrepta
1039 1334 1284 1386 sororibus
1309 1333 1467 1386 Afris.

242 1431 332 1482 Tu
351 1432 507 1483 scabie
530 1432 703 1484 frueris
724 1433 861 1493 mali,
883 1434 1020 1499 quod
1042 1434 1094 1484 in
1118 1451 1297 1500 aggere
1319 1432 1451 1485 rodit

244 1531 352 1598 Q
369 1533 555 1597 tegitur
576 1550 766 1597 parma,
796 1545 845 1584 et
868 1533 1022 1599 galea,
1055 1531 1385 1599 metuensque
1411 1531 1593 1597 flagelli

241 1631 404 1683 Discit
424 1631 485 1681 ab
511 1630 696 1681 hirsuta
709 1628 940 1696 jaculum
962 1643 1196 1698 torquere
1220 1630 1423 1696 capella.
1671 1646 1758 1696 155

242 1729 467 1781 Forsitan
491 1729 725 1796 impensae
750 1730 1021 1781 Virronem
1045 1747 1243 1797 parcere
1272 1728 1439 1780 credas
1463 1747 1475 1779 ε

238 1830 360 1883 Hoc
384 1830 486 1896 agit
511 1842 569 1881 ut
591 1830 786 1881 doleas:
824 1847 946 1881 nam
970 1848 1082 1896 quae
1101 1828 1370 1887 comoedia,
1404 1827 1600 1880 mimus

244 1930 375 2000 Qis
399 1929 577 1983 melior
592 1930 818 1999 plorante
841 1929 958 1994 gula
980 1928 996 1977 ?
1037 1946 1157 1993 ergo
1181 1927 1354 1978 omnia
1377 1925 1526 1986 fiunt,

244 2025 295 2076 Si
318 2025 489 2085 nescia
517 2037 575 2076 ut
595 2044 683 2092 per
704 2025 946 2091 lacrymas
976 2023 1232 2075 effundere
1259 2023 1416 2074 bilem

243 2124 471 2188 CogariS,
496 2122 757 2191 pressoque
780 2123 867 2174 diu
887 2122 1086 2174 stridere
1111 2121 1307 2173 molari.
1672 2124 1764 2172 160

241 2223 330 2275 Tu
355 2223 447 2275 tibi
463 2224 587 2276 liber
609 2223 786 2283 hom0,
814 2236 863 2275 et
887 2224 1012 2288 regis
1039 2222 1248 2275 conviva
1269 2220 1449 2273 videris
1468 2243 1484 2279 3

242 2319 471 2385 Captum
495 2331 544 2370 te
569 2319 741 2370 nidore
760 2319 854 2371 suae
877 2331 1023 2385 putat
1042 2319 1124 2372 ille
1141 2319 1318 2371 culinae
1338 2337 1350 2369 ε

240 2414 357 2467 Nec
381 2414 513 2465 male
533 2412 807 2480 conjestat:
845 2416 958 2481 quis
983 2415 1121 2467 enirn
1144 2427 1249 2466 tam
1274 2413 1456 2474 nudu8,
1482 2425 1539 2465 ut
1561 2413 1708 2467 illurn

241 2506 326 2558 Bis
350 2506 493 2567 ferat,
513 2509 784 2560 Etruscum
807 2528 964 2576 puero
988 2511 1023 2562 fi
1047 2510 1261 2575 contigit
1279 2528 1477 2571 aurum,

240 2603 339 2655 Vel
365 2604 524 2657 nodus
560 2618 775 2669 tantum,
799 2622 851 2661 et
875 2609 1075 2675 fignum
1098 2610 1160 2662 de
1182 2629 1397 2677 paupere
1417 2611 1524 2662 loro
1548 2610 1566 2661 ?
1670 2615 1726 2663 16
1731 2629 1758 2678 5

241 2700 360 2768 Spes
384 2701 510 2754 bene
537 2703 768 2757 coenandi
792 2723 877 2758 vos
900 2708 1104 2774 decipit.
1140 2709 1292 2770 Ecce,
1314 2706 1576 2785 dabitjam

1589 2807 1760 2859 Seme-
