1941 3363
300 197 427 258 160
566 198 646 256 A.
706 187 1097 255 PERSIUS
1154 194 1594 255 FLACCUS.

295 317 379 371 liis
406 315 708 389 persuadere
734 315 965 368 Persium
992 314 1048 367 in
1075 333 1134 367 ea
1162 312 1389 385 conspici
1416 315 1671 388 adspirat?
1712 316 1773 370 Id

295 412 477 453 tamen
510 397 703 450 dicitur
735 397 793 449 in
827 399 1072 449 animum
1108 394 1362 448 induxisse
1398 397 1771 451 'eruditissimus

295 479 594 534 Cardinalis
645 479 874 548 Jacobus
933 478 1224 539 SadoletUS‚
1277 476 1529 530 scribente
1581 481 1772 542 Fabro‚

294 582 412 617 eam
441 563 572 615 olim
599 561 748 615 fuiffe
783 562 942 625 illius,
983 562 1068 633 qui
1091 562 1474 633 perfitasgfflmum
1490 563 1595 631 sthi
1631 563 1777 615 habe-

293 647 379 700 bat
413 647 536 699 hanc
569 647 728 717 Pcrssi
763 645 843 718 εἰῇ
875 645 1088 717 effigiem,
1127 644 1330 696 Gallaeo
1369 645 1589 698 testante
1628 647 1693 699 ab
1728 646 1778 699 se

295 729 380 783 edi
405 728 542 782 hanc
563 727 752 781 faciem
775 727 1040 801 depi6³fflm
1066 727 1199 799 apud
1218 727 1452 779 Fulvium
1480 729 1552 781 Ur
1569 749 1696 781 mum
1723 729 1777 782 in

293 830 547 866 marmore.
602 808 682 862 Sic
704 808 782 862 illi
802 828 945 861 anno
968 807 1156 880 prioris
1179 807 1351 860 saeculi
1376 824 1580 862 XCIIX.
1603 829 1774 882 quum

293 906 476 948 tamen
502 892 726 946 Urfinus
752 892 855 964 ipse
876 911 1019 944 anno
1047 907 1192 945 LXX.
1219 890 1453 963 allegatis
1471 892 1659 946 eisdem
1679 913 1775 947 vo-

293 976 445 1030 cibus
486 977 550 1028 de
590 975 702 1045 ejus
740 974 932 1038 forma,
981 973 1271 1038 subnee‘tat,
1315 995 1421 1047 qztae
1459 997 1506 1028 eo
1552 976 1778 1029 libentius

294 1060 469 1131 affeci,
497 1058 621 1130 quod
641 1058 852 1128 imagini
877 1078 900 1109 e
925 1077 1161 1110 marmore
1187 1078 1292 1110 cum
1318 1059 1479 1128 Petfii
1503 1079 1663 1111 nomen
1688 1080 1780 1113 non

283 1144 349 1216 fit
374 1141 684 1215 affiriptmm
713 1160 769 1192 ex
796 1140 859 1191 iis
876 1141 1154 1210 potiſjimum
1175 1142 1335 1212 Peasſji
1359 1142 1494 1193 illam
1520 1141 1601 1212 ff
1626 1143 1777 1213 conji—

295 1246 401 1279 cere
433 1224 681 1297 poffizmus,
721 1222 827 1276 fine
856 1225 971 1276 ulla·
997 1223 1267 1277 mentione
1297 1226 1541 1277 Sadoleti.
1598 1227 1779 1279 Hede-

296 1327 356 1362 ra
389 1306 630 1379 Satyricis
664 1305 832 1377 poetis
861 1307 926 1357 ad
952 1324 1205 1358 coronam
1233 1306 1506 1369 destinata,
1539 1319 1591 1359 et
1617 1307 1777 1377 hujus

296 1391 515 1463 capillos
561 1389 782 1460 alligans
829 1387 1091 1440 refutatur
1127 1390 1194 1441 ab
1228 1390 1416 1453 Perfio,
1458 1391 1674 1444 hederas
1704 1392 1778 1445 se-

297 1493 490 1546 quaces
536 1474 601 1526 ad
646 1470 902 1542 imagines
948 1472 1254 1524 lambendas
1300 1473 1414 1526 aliis
1458 1475 1777 1529 remittente.

297 1557 496 1608 Vultus
537 1574 660 1607 vero
701 1553 933 1606 immane
975 1565 1240 1623 quantum
1276 1555 1446 1624 potest
1481 1555 1684 1608 fallere!
1727 1569 1780 1610 et

294 1638 512 1700 mirum,
554 1657 648 1691 cur
695 1638 846 1690 istam
887 1636 1195 1707 virginalem
1239 1635 1345 1689 fere
1387 1639 1774 1703 verecundiam,

299 1723 637 1792 formamque
672 1719 959 1773 modestam
999 1738 1055 1771 ac
1093 1719 1372 1790 pulchram
1405 1739 1518 1773 non
1553 1721 1783 1776 viderint

299 1806 357 1858 in
403 1804 691 1857 Alcibiade.
770 1801 1140 1854 Nihilominus
1194 1801 1411 1854 iteretur
1454 1803 1519 1855 fic
1565 1823 1780 1876 quoque

299 1887 566 1940 occafione
608 1884 768 1953 hujus
811 1884 1004 1935 tabulae
1050 1882 1462 1936 laudatiflimum
1496 1883 1633 1941 istud
1672 1905 1774 1938 no·-

300 1990 443 2032 men‚
480 1981 531 2021 et
564 1968 629 2020 fic
666 1985 897 2038 quoque,
938 1965 1135 2035 aliquid
1163 1967 1321 2028 dicat,
1360 1966 1396 2019 fi
1435 1966 1573 2019 nihil
1615 1967 1786 2031 aliud,‘

307 2053 504 2112 saltem,
552 2051 596 2101 O
640 2061 868 2121 quantum
915 2047 974 2118 <st
1018 2049 1070 2099 in
1116 2049 1251 2100 rebus
1302 2051 1446 2101 imme
1461 2051 1480 2100 J
1539 2050 1779 2103 Gronov.

304 2132 489 2204 Antiq.
517 2133 678 2184 Tom.
714 2148 760 2199 3.
