1941 3363
307 219 433 302 156
618 216 1038 302 JUVENAL1s
1089 215 1366 310 SATYRA
1421 226 1569 294 XVI.

297 363 753 414 Sacramentorum.
821 359 1117 411 Convallem
1142 360 1267 411 ruris
1293 360 1409 412 aviti

298 459 584 527 Improbu8‚
610 469 694 508 aut
717 474 961 521 campum
982 456 1111 508 mihi
1134 457 1168 507 fi
1190 458 1384 508 vicinus
1407 457 1614 518 ademit,

298 562 407 613 Aut
430 559 621 610 sacrum
651 555 828 607 effodit
854 555 1024 606 medio
1049 555 1111 606 de
1135 555 1297 607 limite
1321 555 1514 615 saxum,

298 655 455 726 Qd
477 673 590 706 mea
611 672 731 705 cum
754 654 922 705 vetulo
943 654 1099 705 coluit
1121 655 1234 720 puls
1259 673 1424 706 annua
1444 655 1568 714 lib0‚

296 755 516 809 Debitor
538 765 624 805 aut
644 752 866 819 sumptos
883 753 1048 820 pergit
1071 772 1172 805 non
1191 754 1393 805 reddere
1414 772 1672 813 nummos,
1750 770 1818 815 40

299 853 446 904 Vana
467 852 755 919 supervacui
780 851 948 903 dicens
973 850 1307 918 chirographa
1331 852 1485 918 ligni:

297 951 673 1018 Exspestandus
697 951 809 1011 erit,
836 952 925 1018 qui
948 951 1058 1002 lites
1082 950 1303 1011 inchoet,
1330 969 1504 1011 annm,

299 1050 486 1102 Totius
511 1048 688 1115 populi
696 1072 711 1108 ς
740 1048 822 1099 sed
848 1060 969 1100 tunc
994 1066 1199 1115 quoque
1225 1047 1365 1099 mille
1388 1047 1591 1100 ferenda

299 1149 495 1210 Taedia,
522 1149 664 1201 mille
686 1167 841 1201 morae
854 1172 869 1208 ς
896 1149 1041 1201 toties
1067 1148 1287 1201 subsellia
1312 1160 1514 1200 tantum

300 1250 601 1302 Sternuntur
613 1272 628 1308 3
655 1247 766 1315 jam
788 1245 1006 1300 facundo
1028 1260 1247 1315 ponente
1270 1249 1488 1300 lacernas
1751 1263 1814 1313 45

302 1345 538 1405 Caeditio,
563 1356 612 1396 et
636 1345 679 1396 F
683 1341 922 1410 uscojam
944 1344 1279 1403 micturiente,
1305 1343 1461 1409 parati

302 1441 651 1508 Digredimur,
676 1441 910 1506 lentaque
933 1440 1028 1492 fori
1054 1459 1339 1508 pugnamus
1363 1459 1524 1493 arena.

301 1540 395 1592 Ast
420 1540 536 1600 illis,
565 1557 692 1606 quos
713 1558 851 1591 arma
875 1551 1052 1606 tegunt
1075 1553 1125 1590 et
1153 1539 1342 1591 balteus
1368 1539 1546 1597 ambit,

303 1637 459 1704 Qod
483 1637 729 1704 placitum
753 1638 839 1697 est,
864 1638 959 1689 illis
986 1637 1241 1703 praestatur
1264 1649 1463 1704 tempus
1488 1635 1684 1701 agendi,

300 1733 417 1786 Nec
440 1752 513 1785 res
538 1734 767 1786 atteritur
787 1734 942 1799 longo
965 1733 1245 1785 sufflamine
1267 1733 1387 1785 litis.
1754 1749 1817 1798 50

302 1830 428 1881 Solis
452 1842 688 1896 praeterea
711 1830 919 1881 testandi
942 1826 1287 1895 militibusjus

303 1923 435 1977 Vivo
458 1938 599 1992 patre
621 1926 795 1977 datur:
832 1944 951 1977 nam
977 1944 1085 1991 quae
1110 1925 1220 1976 sunt
1243 1936 1381 1990 parta
1403 1923 1571 1976 labore

304 2021 527 2081 Militiae‚
553 2020 741 2086 placuit
764 2039 864 2072 non
888 2020 981 2072 effe
1004 2021 1055 2071 in
1079 2039 1284 2087 corpore
1305 2020 1492 2080 censuS,

304 2119 479 2170 Omne
503 2132 639 2171 tenet
660 2119 801 2185 cujus
825 2120 1050 2185 regimen
1075 2133 1232 2186 pater.
1302 2121 1440 2185 Ergo
1465 2121 1723 2170 Coranum

304 2219 574 2282 Signorum
598 2219 859 2279 comitem,
889 2219 1260 2285 castrorumque
1287 2238 1382 2269 aera
1408 2230 1702 2278 merentem,
1759 2236 1817 2284 55

306 2315 552 2382 Qamvis
564 2313 674 2380 jam
692 2316 934 2367 tremulus
955 2329 1121 2381 captat
1138 2330 1292 2381 pater.
1325 2317 1482 2367 Hunc
1500 2316 1641 2367 labor
1658 2333 1828 2390 aequus

305 2410 560 2470 Provehit,
587 2423 636 2461 et
661 2411 836 2476 pulcro
862 2414 1023 2464 reddit
1047 2412 1129 2463 sua
1153 2413 1283 2463 dona
1304 2412 1479 2464 labori.

304 2507 457 2573 Ipsius
481 2522 613 2560 certe
637 2509 776 2560 ducis
801 2508 899 2561 hoc
924 2510 1104 2562 referre
1128 2510 1342 2569 videtur,

304 2605 379 2656 Ut
403 2607 490 2671 qui
515 2605 655 2657 fortis
680 2608 791 2665 erit,
816 2607 874 2657 fit
896 2607 1202 2659 feliciffimus
1226 2609 1361 2659 idem
1378 2632 1393 2668 3

305 2702 379 2757 Ut
402 2702 502 2763 laeti
526 2700 741 2769 phaleris
766 2722 960 2764 omneS,
984 2718 1034 2757 et
1062 2706 1321 2772 torquibus
1345 2724 1538 2758 omneS.
1755 2710 1820 2757 60

1547 2805 1596 2855 A
1630 2805 1683 2856 U
1715 2804 1758 2855 L
1793 2804 1818 2863 I
