1941 3363
284 260 286 262 v
352 210 941 292 TABULARUM
992 228 1606 283 EXPLICATIO.

276 354 335 405 F.
361 372 403 403 2.
425 350 670 403 Hercules
716 351 959 400 Antaeum
1008 345 1184 411 procul
1228 363 1255 394 a
1301 343 1477 394 tellure
1522 354 1718 392 tenens.

344 440 588 504 Polymet.
617 436 683 501 pl.
708 454 781 500 19.
807 434 890 498 fig.
916 453 955 483 1.
994 433 1192 496 Specstat
1214 432 1312 480 Sat.
1335 448 1380 493 3.
1407 432 1459 484 Ῠ.
1483 434 1561 493 89.

276 525 337 576 F.
357 544 402 589 3.
421 523 730 574 Gladiatores
765 521 1037 577 Samnite33
1077 529 1133 567 ut
1157 534 1220 567 ex
1244 516 1430 566 indicio
1452 516 1725 580 pinnarum

343 612 396 661 in
422 610 572 674 galeae
596 608 885 658 summitate
918 616 1070 671 patet.
1130 605 1289 654 Erant
1323 601 1407 653 alii
1430 601 1727 666 gladiatores

342 701 529 751 horum
548 697 819 755 adversarii,
836 708 886 746 et
901 694 1130 746 saffionis
1146 690 1361 750 diversae,
1381 690 1469 756 qui
1488 688 1728 740 diceban-

344 801 426 838 tur
449 784 719 846 Pmmmpi,
755 783 891 848 quod
920 782 1096 847 pinnas
1130 779 1345 844 rapiant.
1386 778 1616 833 Lucerna
1640 777 1728 826 Se-

345 872 518 939 pulch.
544 871 766 922 Bartolii.
805 870 1003 934 Spectat
1028 869 1126 919 Sat.
1148 884 1194 930 3.
1220 867 1271 919 ss.
1294 869 1401 929 158.

278 963 340 1014 F.
363 983 410 1023 4.
431 959 666 1011 Comoedi
704 958 820 1007 duo.
887 955 1119 1006 Personas
1160 971 1281 1003 cum
1318 970 1403 1002 ore
1439 949 1731 1004 immaniter

341 1049 503 1100 hianti
527 1046 760 1097 induunt.
797 1044 934 1095 blus.
959 1044 1093 1095 Flor.
1121 1054 1249 1097 tom.
1273 1059 1317 1091 2.
1342 1038 1446 1093 tab.
1469 1042 1546 1089 86.
1571 1037 1658 1104 fig.
1685 1057 1728 1088 1.

345 1137 545 1202 Spefflzat
569 1136 667 1186 Sat.
685 1152 731 1197 3.
755 1134 807 1187 Jl‘.
828 1148 934 1196 175,

217 1313 308 1365 IV.
328 1312 386 1367 F.
400 1331 439 1362 1.
458 1313 569 1365 Dea
592 1308 774 1375 Egeria
794 1295 990 1358 Numae·
1001 1305 1129 1370 regis
1147 1303 1409 1356 confilium
1422 1325 1437 1362 3
1466 1319 1577 1369 quae
1594 1299 1734 1367 spec-

348 1401 443 1452 tari
473 1412 691 1450 meretur
715 1397 915 1462 qualem
949 1413 1061 1446 eam
1086 1394 1163 1445 vel
1186 1393 1286 1459 ipse
1312 1391 1490 1443 Numa
1512 1391 1732 1441 honora-

345 1490 469 1540 verit
494 1487 811 1546 fimulachm,
836 1487 915 1536 seu
942 1485 1132 1551 populo
1157 1485 1396 1534 Romano
1419 1481 1594 1545 genius
1617 1479 1734 1545 qui-

348 1580 466 1630 dam
507 1578 778 1628 dieiaverit.
844 1574 1019 1626 Exstat
1063 1573 1198 1640 apud
1246 1571 1495 1626 Palatium
1530 1570 1735 1623 Fames.

349 1666 546 1731 Spe6³tat
572 1665 669 1715 Sat.
689 1681 733 1727 3.
759 1664 810 1717 >lx
832 1679 905 1712 12,

286 1754 346 1805 F.
371 1753 680 1803 ammes-m.
733 1751 959 1801 Gemma
997 1766 1059 1798 ex
1092 1746 1335 1798 Thesaur.
1367 1745 1734 1811 Branderburg.

349 1856 476 1894 tom.
500 1862 538 1891 1.
579 1860 693 1906 pag.
715 1857 795 1905 49.
861 1840 1058 1905 Speffimt
1096 1839 1262 1902 Sat.3.
1298 1839 1350 1892 32¹.
1374 1855 1485 1902 219.
1537 1837 1738 1903 Spchat

352 1929 506 1979 etiam
531 1929 629 1978 Sat.
648 1946 721 1976 12.
749 1929 800 1980 ψ,
819 1946 864 1986 4.

415 2018 528 2068 Par
550 2015 697 2066 vellus
719 2013 913 2065 dabitur
925 2013 1175 2076 pugnanti
1194 2014 1410 2076 Gorgone
1431 2014 1640 2065 Maura.

354 2120 474 2153 nam
500 2103 553 2155 in
585 2102 721 2152 scuto
745 2100 822 2151 vel
845 2099 1039 2167 clypeO,
1078 2099 1333 2164 Gorgonis
1362 2100 1560 2150 Maurae
1587 2111 1740 2165 caput

353 2190 508 2254 gestat
532 2190 781 2240 Minerva.

292 2277 351 2333 F.
374 2296 420 2339 3.
440 2278 482 2327 F
485 2278 673 2329 oemina
694 2293 904 2326 manum
929 2287 1102 2334 tenens
1127 2275 1268 2339 super
1285 2274 1508 2330 mensam
1529 2275 1580 2326 in
1599 2274 1740 2330 lance

355 2366 599 2423 carnium,
619 2383 774 2429 genus
792 2365 916 2415 illud
932 2363 1285 2417 sacrificiorum
1305 2363 1608 2414 demonstrat
1629 2382 1740 2429 quae

336 2451 526 2517 feralia
550 2452 805 2501 dicuntur.
842 2452 918 2501 Ita
941 2450 1073 2510 dicta
1095 2449 1208 2500 sunt
1228 2449 1289 2499 ab
1309 2447 1560 2514 zhferendis
1577 2449 1740 2514 epulis,

356 2539 391 2590 i.
410 2557 453 2589 e.
481 2556 508 2588 a
531 2538 653 2591 cibis
678 2538 737 2594 ad
763 2551 990 2588 mortuos
1014 2549 1063 2587 et
1086 2535 1345 2600 sepulchra
1366 2535 1599 2595 ferendis,
1624 2537 1743 2601 qui-

354 2624 449 2674 bus
479 2624 704 2688 indigere
732 2623 878 2673 stulte
909 2622 1192 2673 credebant.
1241 2622 1474 2683 Lucerna
1505 2622 1742 2696 Sepulch.

357 2709 580 2762 Bartolii.
632 2711 829 2775 Spediat
856 2710 954 2761 Sat.
978 2727 1022 2774 5.
1051 2711 1104 2764 Jl'.
1126 2715 1202 2774 85.

1667 2782 1738 2835 V.
