1941 3363
730 210 1147 274 NOTAE.
1550 236 1675 300 227

662 396 797 446 AD
867 398 1083 448 SAT.
1152 398 1220 448 ΙΙ.

237 515 356 568 Ver.
384 534 456 568 10.
494 518 539 569 Ο
562 517 614 579 st
628 516 787 568 ebullit
803 518 984 581 patrui
999 515 1475 582 praeclarunzfimus.
1546 520 1685 572 Sole-

168 614 289 666 bant
318 634 439 666 cum
464 616 638 681 primis
676 632 812 679 reges
849 626 898 663 et
935 616 1184 680 principes
1223 616 1426 667 urbium
1462 619 1683 683 antiqui·

167 725 264 771 tuS,
292 713 428 778 quod
451 726 500 763 et
526 712 698 763 nostris
718 713 1031 776 temporibus
1056 713 1161 763 fieri
1185 714 1399 764 vidimus
1422 714 1682 767 Pontifici-

165 810 257 860 bus
283 812 535 871 maximis,
563 812 801 862 tumulari
824 813 1074 877 condique
1100 831 1218 862 cum
1242 814 1458 876 gemmis
1480 814 1683 879 aliisque

162 908 360 973 opibus,
403 910 534 959 unde
575 910 678 960 exit
713 910 839 960 illud
877 910 1110 974 Satyric13
1155 912 1198 961 O
1234 910 1287 971 st
1318 909 1479 962 ebullit
1507 913 1687 975 patrui

150 1005 446 1068 praeclarum
461 1004 654 1070 fimus!
695 1007 888 1056 tametfi
921 1007 1094 1070 passim
1129 1006 1223 1056 alio
1253 1006 1407 1056 modo
1440 1009 1623 1074 exponi
1653 1026 1681 1061 a

156 1103 518 1157 Grammaticis
543 1102 706 1154 soleat.
775 1101 1012 1172 Bojffizrdi
1041 1104 1242 1169 Typog.
1272 1103 1426 1154 Rom.

228 1217 302 1266 15.
361 1199 587 1266 Tyberim
631 1201 679 1250 in
700 1199 902 1269 flumine
935 1200 1105 1263 mergis
1149 1211 1309 1264 capnt.
1367 1200 1678 1268 Concepturi

154 1296 280 1348 olim
302 1310 418 1349 vota
441 1297 666 1364 Qrites
690 1309 843 1362 caput
867 1297 1000 1348 unda
1021 1297 1278 1363 Tyberina
1301 1297 1589 1348 lustrabant.

227 1399 305 1447 26.
342 1398 430 1449 An
452 1396 560 1460 quia
583 1415 690 1453 non,
705 1394 849 1454 fibris
872 1394 1029 1446 ovium
1054 1397 1383 1460 Ergammque
1389 1394 1604 1459 jubente.

152 1490 233 1541 Sic
266 1490 655 1556 interpungend.
689 1490 753 1541 sc.
788 1490 1026 1555 Erganna
1048 1501 1096 1541 et
1122 1488 1258 1539 fibris
1283 1490 1458 1541 ovium
1481 1488 1671 1557 juben·-

149 1587 305 1638 tibus.

215 1703 296 1750 33.
334 1685 636 1749 Lustralibus
665 1698 778 1739 ante
795 1686 971 1750 stzlivis
1005 1685 1181 1750 expiat.
1253 1685 1423 1737 Salivae
1459 1686 1671 1738 mirifica

148 1781 382 1846 quaedam
416 1783 571 1832 virtus
605 1801 727 1833 cum
764 1783 825 1832 ad
859 1781 953 1832 alia
987 1793 1100 1831 tum
1134 1780 1405 1846 praesertim
1444 1781 1669 1832 adversus

145 1877 393 1929 fascinum
432 1879 581 1929 ineffe
623 1879 907 1944 putabatur.
980 1878 1060 1927 Sic
1101 1889 1150 1926 et
1193 1876 1324 1929 Plin.
1366 1876 1489 1927 Nat.
1529 1876 1666 1930 Hist.

147 1978 434 2043 Despzcimus
454 1978 702 2028 comitiales
724 1976 920 2036 morbos,
946 1976 1029 2026 hoc
1052 1977 1127 2038 est,
1153 1976 1372 2038 contegi-2
1393 1976 1663 2038 regerz'lmls«

144 2076 295 2134 &mili
314 2075 439 2128 modo
462 2076 858 2141 etfcgscinationes
879 2074 1235 2147 repercutimus.

626 2239 760 2298 AD
830 2237 1209 2289 SAT.11L

206 2367 326 2417 Ver.
352 2372 434 2426 48.
471 2364 783 2433 sziv'dfxter
799 2364 928 2426 senio
948 2361 1133 2427 fhrret.
1202 2362 1341 2412 Talis
1363 2359 1580 2425 jaciatis,
1606 2375 1664 2414 ut

143 2465 353 2532 quisque
384 2464 650 2514 CANEM
688 2476 771 2513 aut
806 2460 1191 2512 SENIONEM
1222 2460 1436 2518 miserat,
1475 2461 1526 2510 in
1561 2461 1660 2511 sm-

140 2561 285 2635 gule
319 2562 442 2611 talos
482 2559 698 2623 fingulos
735 2558 956 2608 denarios
998 2558 1048 2607 in
1090 2556 1316 2613 medium
1353 2554 1659 2608 conferebat.

138 2655 387 2716 Suetonius
410 2655 657 2720 Augusto.

210 2757 213 2759 ’
818 2751 858 2801 Ρ
897 2768 922 2806 :g
1572 2750 1653 2810 64.
