1941 3363
450 238 874 326 JUVENALIS
929 238 1201 301 SATYRA
1233 249 1326 303 VI.
1563 261 1642 323 53

138 380 294 432 Nunc
311 381 531 447 patimur
553 382 713 447 longae
737 383 869 449 pacis
894 382 1053 435 mala:
1090 383 1258 436 saevior
1282 383 1432 436 armis

138 478 363 528 Luxuria
388 478 632 538 incubuit,
668 480 958 546 victumque
981 481 1232 533 ulciscitur
1254 480 1448 532 orbem.

134 572 356 625 Nullum
378 575 569 626 crimen
594 575 742 636 abest,
778 575 1067 643 facinusque
1094 578 1331 638 libidinis,
1367 595 1429 629 ex
1452 595 1555 643 quo

133 667 402 733 Paupertas
427 670 659 720 Romana
681 670 829 736 perit.
896 671 1036 722 Hinc
1061 671 1205 723 fluxit
1230 672 1290 722 ad
1313 672 1426 723 istos

132 761 203 813 Et
227 763 437 830 Sybaris,
473 765 648 824 colles;
685 765 805 817 hinc
829 777 878 817 et
896 765 1124 825 Rhodos,
1162 778 1212 816 et
1230 766 1457 826 Miletos,
1548 783 1639 831 295

131 858 305 925 Atque
318 873 632 921 coronatum,
656 873 706 912 et
721 861 965 927 petulanS,
991 861 1355 927 madidumque
1371 861 1670 913 Tarentum.

131 954 301 1007 Prima
324 958 633 1022 preregrinos
657 957 887 1009 obscoena
910 958 1121 1023 pecunia
1149 977 1313 1011 mores

129 1052 326 1114 Intulit,
362 1067 413 1106 et
436 1056 570 1121 turpi
591 1054 847 1121 fregerunt
869 1055 1040 1107 saecula
1061 1055 1184 1107 luxu

127 1151 331 1204 Divitiae
355 1153 550 1204 molles.
620 1153 763 1222 Qd
787 1153 925 1204 enim
949 1153 1120 1204 Venus
1152 1153 1286 1205 ebria
1308 1154 1480 1207 curat?

127 1248 375 1315 InguiniS,
411 1262 460 1301 et
482 1250 657 1316 capitis
681 1268 791 1315 quae
814 1250 907 1301 s1nt
932 1249 1231 1311 discrimina,
1262 1252 1413 1303 nescit
1428 1276 1444 1311 3
1545 1272 1638 1318 300

130 1345 356 1396 Grandia
379 1363 490 1411 quae
514 1345 690 1396 mediis
704 1343 815 1412 jam
839 1343 1069 1396 noctibus
1095 1344 1252 1396 ostrea
1274 1347 1489 1408 mordet,

130 1441 268 1492 Cum
286 1439 482 1507 perfusa
503 1457 643 1491 mero
665 1438 902 1505 spumant
927 1450 1184 1502 unguenta
1203 1439 1436 1501 Falerno,

129 1539 268 1590 Cum
289 1537 482 1589 bibitur
504 1534 714 1595 concha,
749 1553 870 1586 cum
887 1532 996 1600 jam
1015 1535 1259 1600 vertigine
1285 1539 1477 1592 tectum

128 1635 393 1694 Ambulat,
429 1645 481 1685 et
503 1633 718 1699 geminis
741 1631 963 1697 exsurgit
987 1633 1155 1684 mensa
1176 1633 1409 1692 lucerniS.

128 1736 152 1786 Ι
176 1751 329 1792 nune,
365 1743 415 1783 et
437 1731 611 1782 dubita
635 1747 733 1796 qua
756 1728 945 1780 sorbeat
965 1734 1077 1780 aeta
1099 1729 1248 1782 sanna
1546 1754 1606 1799 30
1613 1756 1636 1804 ς

126 1830 315 1889 Tullia,
349 1826 473 1894 quid
495 1825 628 1877 dicat
650 1838 780 1880 notae
807 1824 1027 1876 Collacia
1046 1825 1239 1880 Maurae
1251 1850 1267 1885 ;

129 1931 313 1982 Maura
332 1925 590 1978 Pudicitiae
613 1936 831 1975 veterem
854 1942 973 1976 cum
996 1926 1213 1989 praeterit
1236 1943 1391 1977 aram.

127 2027 378 2081 Noctibus
401 2025 486 2076 hic
508 2037 705 2090 ponunt
725 2024 942 2082 lecticas,
969 2022 1267 2074 micturiunt
1291 2024 1375 2076 hic
1394 2049 1410 2085 3

127 2124 469 2188 Effigiemque
492 2120 615 2170 Deae
638 2119 799 2183 longis
823 2117 1112 2184 fiphonibus
1136 2118 1381 2183 implent3

127 2221 289 2285 Inque
311 2217 441 2267 vices
466 2215 710 2280 equitant,
734 2232 790 2265 ac
810 2214 929 2264 luna
953 2213 1071 2264 teste
1096 2226 1381 2268 moventur⁰
1545 2237 1639 2283 310

128 2315 250 2366 Inde
273 2314 448 2365 domos
473 2311 674 2362 abeunt.
731 2311 817 2361 Tu
841 2310 1016 2370 calcaS,
1049 2310 1162 2361 luce
1187 2311 1393 2372 reversa,

128 2410 370 2478 Conjugis
394 2409 609 2469 urinam,
643 2425 853 2472 magnos
876 2407 1064 2458 visurus
1091 2408 1299 2460 amicos.

127 2506 268 2561 Nota
286 2507 435 2556 Bonae
457 2505 641 2556 secreta
661 2506 801 2563 Deae,
838 2521 959 2553 cum
981 2502 1102 2553 tibia
1123 2502 1325 2555 lumbos

127 2599 326 2658 Incitat,
353 2611 402 2650 et
425 2617 581 2650 cornu
603 2600 803 2665 pariter,
838 2599 1058 2664 vinoque
1082 2597 1313 2648 feruntur

129 2696 389 2755 Attonitae,
424 2696 718 2763 crinemque
743 2708 927 2755 rotant,
961 2694 1271 2760 ululantque,
1307 2694 1475 2762 Priapi
1542 2713 1636 2763 315

798 2792 849 2842 D
877 2809 903 2855 3
1499 2790 1634 2843 Mae-
