1941 3363
283 260 407 323 152
560 242 984 328 JUVENALIS
1034 241 1315 302 SATYRA
1368 250 1490 312 XV,

271 386 355 436 De
378 386 705 437 conducendo
727 384 1079 452 loquiturjam
1106 385 1302 438 rhetore
1325 387 1514 440 Thule.

268 481 470 533 Nobilis
494 482 576 531 ille
601 493 769 531 tamen
793 481 1026 547 populus,
1056 500 1208 547 quem
1233 481 1471 542 diximus,
1499 495 1548 534 et
1571 503 1662 550 par

267 577 469 627 Virtute
493 587 643 641 atque
667 574 783 634 fide,
807 574 890 626 sed
913 576 1073 640 maj0r
1096 576 1253 636 clade,
1289 578 1554 642 SaguntuS,

267 675 397 727 Tale
423 675 545 740 quid
571 674 784 724 excusat.
854 674 1105 725 Moeotide
1129 675 1298 726 saevior
1324 694 1406 726 ara
1690 694 1708 725 1
1726 692 1779 740 15

265 775 545 838 AEgyptus:
583 772 771 837 quippe
795 771 878 822 illa
900 772 1102 822 nefandi
1125 773 1344 824 Taurica
1365 772 1485 824 sacri

263 869 525 919 Inventrix
548 866 798 926 homines,
824 864 1003 932 utjam
1028 885 1138 931 quae
1160 867 1383 918 carmina
1407 866 1610 918 tradunt

264 967 439 1032 Digna
458 965 555 1016 fide
578 965 763 1023 credaS‚
790 975 992 1015 tantum
1014 965 1245 1015 immolat
1264 983 1275 1014 ε
1314 965 1520 1018 ulterius
1543 962 1615 1014 nil

263 1065 370 1115 Aut
394 1062 589 1128 gravius
615 1061 777 1112 cultro
801 1060 950 1111 timet
972 1059 1148 1111 hostia.
1219 1060 1349 1128 Qs
1376 1058 1532 1110 modo
1557 1057 1692 1109 casus

262 1160 477 1226 Impulit
497 1158 589 1210 hos
609 1158 625 1207 ?
661 1176 771 1224 quae
795 1168 932 1208 tanta
953 1156 1130 1217 sameS,
1157 1156 1434 1223 infestaque
1454 1157 1585 1209 vallo
1688 1171 1781 1206 120

260 1259 423 1308 Arma
445 1260 719 1319 coegerunt
746 1266 853 1304 tam
879 1251 1165 1303 detestabile
1188 1251 1468 1304 monstrum

259 1351 498 1404 Audere?
534 1368 660 1401 anne
685 1349 851 1407 aliam,
875 1361 1003 1399 terra
1026 1347 1373 1414 Memphitide
1397 1346 1538 1404 sicca,

257 1450 510 1502 Invidiam
534 1448 756 1499 facerent
782 1445 972 1496 nolenti
994 1444 1189 1510 surgere
1212 1443 1373 1494 Nilo?

258 1551 376 1616 Q
401 1566 491 1599 nec
516 1545 757 1598 terribiles
782 1543 997 1602 Cimbri,
1016 1561 1109 1593 nec
1133 1543 1362 1593 Britones
1389 1559 1636 1610 unquam,

256 1646 660 1710 Sauromataeque
687 1654 866 1701 truceS‚
899 1652 986 1692 aut
1010 1641 1259 1693 immanes
1284 1639 1567 1707 Agathyrfi,
1676 1658 1731 1692 12
1738 1657 1764 1707 ς

255 1739 372 1792 Hac
398 1739 529 1790 saevit
553 1738 687 1789 rabie
711 1735 915 1788 imbelle
940 1748 989 1786 et
1013 1735 1190 1787 inutile
1213 1735 1410 1799 vulgus,

252 1837 464 1889 Parvula
487 1835 720 1886 fictilibus
744 1833 947 1885 solitum
969 1832 1084 1884 dare
1108 1833 1214 1884 vela
1236 1831 1463 1898 phaselis,

253 1933 324 1987 Et
348 1932 579 1984 brevibus
603 1931 747 1996 piCrae
772 1930 919 1981 remis
944 1930 1238 1981 incumbere
1265 1928 1415 1979 testae.

249 2031 366 2083 Nec
389 2047 593 2096 poenam
615 2027 785 2089 sceleri
807 2027 1049 2086 invenies,
1078 2045 1168 2079 nec
1193 2026 1346 2092 digna
1368 2026 1562 2093 parabis

249 2128 503 2195 Supplicia
523 2126 602 2177 his
626 2125 842 2192 populiS‚
867 2125 919 2176 in
944 2142 1161 2190 quorum
1185 2136 1355 2175 mente
1377 2141 1517 2189 pares
1540 2124 1651 2178 sunt
1672 2143 1763 2191 1305

246 2225 317 2277 Et
340 2223 520 2285 slmiles
542 2223 615 2272 ira
637 2233 788 2287 atque
811 2220 986 2272 fames,
1055 2219 1349 2271 Molliffima
1369 2219 1521 2271 corda

246 2324 494 2375 Humano
517 2320 685 2385 generi
709 2318 824 2368 dare
849 2316 896 2367 se
919 2328 1097 2367 natura
1119 2315 1322 2376 fatetur,

247 2419 378 2486 Qae
399 2416 640 2480 lacrymas
665 2413 829 2464 dedit:
865 2412 971 2463 haec
995 2410 1147 2462 nostri
1170 2429 1280 2478 pars
1303 2411 1498 2477 optima
1521 2411 1701 2470 senqu,

242 2515 444 2568 Plorare
470 2531 586 2578 ergo
603 2510 750 2578 jubet
772 2509 969 2562 causam
994 2509 1211 2574 lugentis
1236 2509 1404 2569 amici,

243 2608 658 2674 Squalloremque
683 2606 768 2662 rei,
795 2603 1049 2670 pupillum
1070 2601 1259 2669 adjura
1278 2615 1543 2657 vocantem
1662 2620 1718 2668 13
1727 2620 1752 2669 5

239 2703 758 2771 Circumscriptorem,
782 2698 925 2768 cujus
949 2700 1207 2752 manantia
1227 2699 1349 2753 fletu

1676 2797 1781 2854 Ora
