1941 3363
448 205 886 291 JUVENALrs
933 206 1228 266 SATYRA
1280 215 1373 265 VI.
1583 210 1667 288 67

157 351 312 403 Tune
334 348 490 401 duos?
526 349 731 415 septem,
760 349 794 400 fi
818 349 1007 414 septem
1032 349 1162 400 forte
1186 348 1403 400 fuissent.

160 449 440 501 Credamus
468 448 686 513 tragicis,
711 449 957 514 quicquid
980 448 1042 499 de
1066 447 1311 499 Colchide
1336 461 1475 499 torva

158 546 380 604 Dicitur,
409 557 460 596 et
483 545 699 611 Progne.
767 544 859 596 Nil
887 557 1062 596 contra
1089 562 1268 595 conor:
1308 556 1358 595 et
1384 543 1481 594 illae

161 642 389 692 Grandia
413 640 632 693 monstra
655 641 749 693 suis
772 640 1020 692 audebant
1045 640 1358 706 temporibus
1373 663 1388 699 3
1424 638 1506 690 sed

158 737 284 789 Non
307 751 512 805 propter
534 755 794 790 nummos,
862 737 1043 787 Minor
1065 736 1332 787 admiratio
1353 737 1561 788 summis
1583 739 1646 799 64
1653 753 1679 802 ς

158 838 390 890 Debetur
414 836 662 895 monstris,
687 833 882 900 quoties
905 833 1029 884 facit
1050 835 1121 884 ira
1143 846 1415 885 nocentem

159 935 323 988 Hunc
346 936 519 986 sexum
533 957 549 993 3
583 945 633 984 et
655 930 945 997 rabiejecur
967 931 1266 983 incendente
1289 931 1519 982 feruntur

160 1032 466 1098 Praecipite8‚
492 1044 549 1083 ut
578 1030 691 1082 saxa
709 1027 846 1096 jugis
870 1029 1099 1095 abrupta,
1130 1027 1317 1094 quibus
1348 1046 1498 1080 mons

162 1128 500 1188 Subtrahitur,
526 1128 758 1195 clivoque
781 1127 914 1179 latus
938 1127 1190 1193 pendente
1213 1127 1416 1178 recedit.

159 1228 308 1283 Illam
333 1245 427 1292 ego
451 1244 555 1277 non
581 1225 803 1285 tulerim,
828 1243 941 1291 quae
962 1235 1243 1290 computat,
1261 1234 1313 1274 et
1337 1223 1489 1274 scelus
1508 1223 1686 1288 ingens

162 1323 289 1374 Sana
311 1321 448 1374 facit.
517 1322 753 1388 Spectant
776 1320 1076 1373 subeuntem
1099 1320 1203 1372 fata
1223 1320 1395 1372 mariti
1586 1324 1677 1384 651

164 1417 411 1471 Alcestim
424 1440 440 1476 3
475 1428 526 1468 ct
549 1416 720 1468 fimilis
743 1416 778 1468 fi
801 1417 1110 1483 permutatio
1132 1417 1295 1477 detur,

162 1515 338 1568 Morte
359 1513 451 1565 viri
474 1513 679 1579 cupiant
703 1513 928 1564 animam
952 1511 1138 1564 servare
1160 1513 1368 1564 catellae.

165 1611 457 1664 Occurrunt
479 1609 653 1661 multae
678 1608 774 1660 tibi
798 1609 1011 1669 Belides,
1036 1621 1187 1674 atque
1210 1608 1479 1675 Eriphylae.

162 1707 323 1758 Mane
345 1703 771 1771 Clytemnestram
796 1704 961 1755 nullus
988 1722 1089 1754 non
1111 1704 1249 1755 vicus
1274 1704 1497 1755 habebit.
1588 1706 1615 1754 6
1624 1722 1648 1770 5
1658 1722 1683 1772 5

163 1803 284 1855 Hoc
308 1812 509 1853 tantum
531 1800 697 1861 refert,
724 1802 861 1868 quod
883 1801 1134 1867 Tyndaris
1157 1801 1242 1851 illa
1263 1801 1539 1867 bipennem

162 1895 405 1951 Insulsam
430 1907 480 1946 et
503 1893 696 1946 fatuam
723 1895 898 1947 dextra
921 1896 1143 1961 laevaque
1170 1896 1399 1946 tenebat:

166 1992 239 2043 At
263 2009 400 2042 nunc
426 2008 500 2040 res
532 1991 699 2055 agitur
726 1992 865 2043 tenui
895 1992 1141 2057 pulmone
1172 1993 1390 2044 rubetae:

168 2090 263 2142 Sed
286 2101 454 2141 tamen
479 2101 530 2140 et
551 2088 702 2149 ferm,
725 2090 761 2141 fi
781 2091 1092 2156 praegustarit
1116 2091 1317 2141 Atrides

166 2189 378 2245 Pontica
405 2198 480 2239 ter
503 2187 624 2238 visti
652 2200 826 2240 cautus
857 2188 1195 2242 medicamina
1225 2188 1398 2254 Regis.
1588 2192 1683 2240 660
