1941 3363
254 286 340 364 84
569 286 996 371 JUVENALIS
1045 282 1316 345 SATYRA
1366 285 1513 346 VIII.

248 434 356 499 Ipse
380 444 540 485 rotam
563 432 758 496 stringit
780 431 946 483 multo
968 430 1247 482 sufflamine
1269 429 1438 482 consul
1458 448 1471 480 :

248 530 417 582 Nocte
444 527 653 594 quidem
672 550 687 586 3
723 526 804 577 sed
827 526 950 576 luna
972 524 1134 584 videt,
1169 525 1250 576 sed
1270 525 1423 576 fidera
1446 523 1591 576 testes

249 625 528 678 Intendunt
548 622 737 674 oculos.
806 622 1036 673 Finitum
1060 633 1261 684 tempus
1278 619 1482 671 honoris
1664 632 1754 682 150

250 723 389 773 Cum
414 718 581 777 fuerit,
614 718 745 768 clara
768 716 1102 781 Damafippus
1125 715 1237 765 luce
1259 713 1514 778 flagellum

250 820 443 875 Sumet,
479 825 528 865 et
550 813 814 864 occursum
838 810 1084 876 nusquam
1107 809 1378 875 trepidabit
1400 811 1551 861 amici

250 914 369 980 Jam
393 911 534 968 senis,
570 927 627 960 ac
649 909 788 971 virga
811 907 946 973 prior
969 907 1163 965 innuet,
1198 916 1349 971 atque
1372 906 1621 971 maniplos

253 1006 436 1063 Solvet,
472 1016 522 1055 et
544 998 1040 1066 infundetjumentis
1065 998 1251 1050 hordea
1275 998 1417 1050 lafiis.

251 1100 462 1159 Interea,
498 1097 624 1148 dum
644 1096 847 1154 lanatas,
882 1092 1495 1159 torvumquejuvencum,
1666 1113 1720 1162 15
1731 1113 1755 1162 5

254 1196 405 1248 More
429 1192 633 1253 Numae,
669 1189 815 1242 caedit
839 1189 976 1254 Jovis
1002 1199 1114 1239 ante
1140 1188 1324 1248 altaria,
1351 1188 1490 1255 jurat

255 1295 424 1347 Solam
449 1293 701 1358 Eponam,
737 1301 787 1340 et
811 1288 967 1340 facies
986 1287 1119 1338 olida
1143 1288 1202 1338 ad
1229 1289 1460 1353 praesepia
1484 1290 1658 1355 pietas·

254 1391 349 1444 Sed
369 1407 490 1441 cum
513 1386 775 1453 pervigiles
800 1385 961 1451 placet
981 1383 1246 1434 instaurare
1268 1386 1495 1450 popinaS,

254 1485 451 1536 Obvius
477 1482 661 1533 affiduo
685 1479 1018 1546 Syrophoenix
1044 1478 1171 1529 udus
1197 1496 1400 1529 amomo

256 1581 448 1638 Currit,
484 1576 718 1627 Idumaeae
743 1572 1076 1638 Syrophoenix
1101 1572 1263 1623 incola
1286 1584 1461 1638 portae,
1670 1580 1761 1628 160

255 1674 484 1739 Hospitis
506 1669 688 1722 affectu
709 1669 997 1728 dominum,
1033 1686 1309 1734 regemque
1333 1669 1525 1730 salutat,

254 1772 325 1822 Et
348 1788 468 1821 cum
493 1767 653 1820 venali
677 1767 846 1830 Cyane
867 1763 1115 1815 succincta
1131 1763 1322 1827 lagena.

255 1865 502 1919 Defensor
524 1862 683 1927 culpae
707 1860 838 1911 dicet
864 1858 995 1910 mihi
1015 1878 1027 1909 ε
1063 1858 1277 1909 fecimus
1301 1872 1350 1910 et
1373 1879 1463 1911 nos

255 1962 386 2013 Haec
400 1958 626 2025 juvenes.
693 1955 813 2006 Esto
826 1978 841 2013 3
877 1953 1045 2004 desisti
1066 1971 1268 2020 nempe,
1304 1973 1395 2005 nec
1420 1955 1548 2006 ultra

256 2056 444 2108 Fovisti
467 2071 700 2106 errorem.
769 2052 924 2101 Breve
947 2049 1004 2099 fit
1029 2049 1164 2115 quod
1190 2051 1400 2115 turpiter
1423 2050 1589 2102 audes.
1674 2057 1759 2118 165

258 2150 509 2220 Qaedam
541 2167 660 2200 cum
682 2147 844 2213 prima
869 2144 1144 2195 resecentur
1167 2145 1378 2194 crimina
1401 2144 1586 2206 barba3

255 2250 468 2314 Indulge
493 2247 691 2300 veniam
716 2246 897 2310 pueris.
966 2243 1299 2307 Damasippus
1323 2241 1384 2291 ad
1407 2242 1517 2293 illos

255 2343 604 2394 Thermarum
625 2340 822 2397 calices,
856 2335 1188 2401 inscriptaque
1210 2335 1364 2386 lintea
1387 2336 1537 2395 vadit,

258 2439 495 2490 Maturus
520 2435 649 2487 bello
674 2433 946 2490 Armeniae,
983 2431 1235 2495 Syriaeque
1259 2430 1457 2480 tuendis

259 2533 531 2589 Amnibus,
568 2542 617 2581 et
638 2528 837 2585 Rheno,
874 2539 1022 2591 atque
1048 2524 1186 2574 Istro·
1250 2523 1478 2575 Praestare
1503 2525 1763 2582 Neronem

258 2625 499 2677 Securum
526 2624 654 2674 valet
677 2621 785 2672 haec
811 2634 941 2670 aetas.
1010 2619 1167 2669 Mitte
1193 2617 1349 2675 Ostia,
1387 2620 1561 2679 Caefar,
1675 2640 1757 2688 171

259 2721 416 2774 Mitte
435 2744 451 2781 5
489 2718 567 2769 sed
593 2719 645 2769 in
670 2734 853 2780 magna
877 2716 1102 2779 legatum
1130 2732 1293 2779 quaere
1314 2715 1515 2780 popina.

1677 2814 1763 2865 In-
