1941 3363
277 182 415 252 206
851 177 916 241 N
965 179 1025 240 O
1071 174 1134 239 T
1183 173 1276 238 AE.

275 333 435 400 igitur
455 328 618 383 sensus
642 325 738 377 est:
765 325 948 376 Romae
972 322 1129 389 pudet
1151 339 1348 375 coenare
1368 318 1625 381 fictilibus,
1650 319 1741 385 qui
1764 314 1798 371 fi

277 431 446 483 subito
469 425 818 480 transferretur
847 423 909 474 ad
934 422 1150 483 Marsos,
1188 434 1277 474 aut
1311 418 1530 471 Sabellos
1563 418 1797 486 popuIOS,

277 527 577 592 neutiquam
600 521 826 588 puderet.
865 521 1058 583 Grang-

274 681 279 689 χ
348 637 458 688 177.
494 617 723 685 AEquales
745 610 937 669 habitus
958 615 1068 667 illic.
1105 615 1166 666 In
1189 613 1332 666 Italia
1355 624 1494 665 extra
1517 611 1762 664 Romam.

348 725 457 784 187.
493 718 650 771 Plena
665 715 824 768 domus
836 713 939 766 libis
950 711 1212 766 venalibus.
1249 711 1435 778 Neque
1454 722 1655 764 tantum
1669 711 1795 762 dan-³

277 819 341 871 da
366 834 580 870 munera
603 814 767 874 serviS‚
795 813 878 865 sed
911 825 963 867 et
994 811 1233 872 dominis,
1258 827 1368 878 quae
1392 809 1528 861 illico
1554 808 1796 860 vendunt.

277 919 357 973 Ita
388 916 782 982 interpretantur
814 913 905 979 qui
933 912 1113 977 legunt
1135 911 1239 963 libis
1261 909 1526 964 venalibus.
1577 909 1651 961 At
1687 926 1801 960 mea

277 1015 522 1069 sententia
554 1031 739 1079 repone
765 1010 1053 1075 genz‘alz‘bu53
1105 1009 1258 1062 natali
1290 1009 1432 1062 enim
1464 1007 1544 1058 die
1576 1007 1800 1060 solebant

275 1114 482 1167 mittere
495 1129 705 1165 muner-a
718 1111 777 1163 iis
795 1111 885 1178 qui
901 1110 1122 1162 natalem
1140 1110 1289 1162 suum
1303 1107 1575 1162 celebrant.
1603 1109 1795 1172 Grang.

276 1214 430 1266 Hanc
451 1213 725 1265 helionem
750 1210 938 1277 recepit
962 1209 1287 1262 Henninnius.

344 1328 460 1378 207.
497 1310 642 1377 Opici
671 1328 842 1362 mures.
899 1308 997 1360 Per
1026 1307 1193 1360 lusum
1225 1307 1367 1367 dicit,
1404 1306 1543 1373 quafi
1571 1305 1718 1358 rudes
1747 1314 1800 1358 et

275 1407 489 1472 barbati,
518 1428 611 1462 nec
634 1409 725 1476 qui
749 1407 930 1460 Latine
953 1408 1122 1459 sciant.
1158 1406 1362 1458 Britan.

343 1526 372 1560 2
380 1512 457 1572 38.
494 1508 713 1558 Somnum
730 1505 915 1570 Druse.
957 1503 1273 1556 Britannicus
1294 1520 1357 1554 ex
1374 1499 1661 1569 conjedmra
1676 1502 1800 1567 legit

275 1604 384 1670 urso
405 1603 546 1670 quod
572 1604 668 1655 urfi
691 1602 994 1655 somnolenti
1016 1601 1127 1652 fint.

346 1723 459 1766 244.
498 1699 667 1767 Obstat
684 1701 812 1755 unda
822 1701 981 1767 prior.
1018 1700 1158 1753 Unda
1175 1718 1266 1767 pro
1278 1700 1485 1767 popule,
1504 1700 1566 1753 ad
1582 1700 1800 1752 modum

278 1793 428 1847 undae
474 1791 737 1852 diffluens;
788 1791 879 1844 nifi
920 1790 1195 1856 legendum
1238 1790 1406 1855 potius
1454 1789 1603 1842 turba
1637 1788 1797 1854 prior.

279 1887 467 1941 Lubt'n.

349 1987 409 2035 26
418 2001 462 2049 ς.
498 1983 734 2036 Novitius
755 1982 937 2034 horret.
993 1981 1208 2034 Nescius
1231 1981 1418 2034 inferni
1440 1981 1612 2034 moris,

349 2088 461 2146 278.
501 2081 605 2151 Qi
638 2079 814 2132 nullum
843 2078 988 2145 forte
1023 2077 1201 2130 cecidit.
1279 2079 1423 2144 Lego
1461 2078 1571 2143 quia
1603 2077 1797 2138 nullum,

282 2174 366 2228 i-e.
408 2175 526 2242 quia
564 2173 647 2224 ille
676 2175 824 2226 noete
857 2173 1117 2224 neminem
1153 2172 1404 2239 percussit,
1446 2173 1666 2225 dormire
1698 2192 1802 2226 non

279 2272 458 2345 potest.
494 2271 678 2325 Lubin.

352 2374 463 2420 281.
500 2370 636 2430 Ergo
665 2367 808 2419 aliter
833 2385 923 2417 non
953 2366 1117 2432 potuit
1138 2364 1381 2418 dormire?
1410 2365 1525 2430 lego
1559 2384 1680 2418 cum
1719 2368 1801 2417 in-

286 2462 650 2527 terrogatione:
677 2473 727 2512 et
753 2473 877 2527 puto
901 2461 994 2512 effe
1017 2463 1184 2513 Poetae
1209 2460 1359 2512 verba
1379 2460 1700 2513 Umbritium
1726 2462 1800 2513 al-

285 2558 559 2625 loquentiS„
601 2558 684 2609 cui
722 2557 1013 2610 Umbritius
1050 2557 1328 2623 respondet,
1355 2558 1596 2627 quosdam
1618 2560 1801 2612 Romae

285 2652 379 2706 effe
401 2651 491 2719 qui
515 2670 577 2703 ex
601 2651 717 2704 rixis
742 2650 978 2704 somnum
1001 2651 1216 2719 capiant..
1257 2652 1448 2718 Grang.

1669 2734 1723 2802 ‘A
1746 2751 1799 2802 D
