1941 3363
459 228 875 317 JUVENALis
924 229 1199 288 SATYRA
1248 234 1341 287 VI.
1579 244 1656 306 55

154 374 223 425 Et
256 373 366 440 quis
391 386 512 427 tunc
535 374 809 426 hominum
833 384 1156 439 contemptor
1181 371 1438 425 numinis?
1474 384 1560 424 aut
1583 374 1694 436 quis

154 469 488 535 Sympuvium
512 470 670 521 ridere
691 469 898 530 Numae,
935 469 1241 535 nigrumque
1264 467 1507 527 catinum,

153 568 224 618 Et
242 569 490 620 Vaticano
511 568 709 634 fragiles
734 569 796 620 de
819 579 992 620 monte
1016 569 1220 634 patellas

155 663 319 715 Ausus
341 663 476 717 erat?
513 665 593 716 sed
616 682 751 716 nunc
774 665 835 716 ad
859 681 981 730 quas
1004 681 1107 715 non
1133 665 1341 716 Clodius
1365 664 1502 716 aras?

154 758 327 811 Audio
355 760 478 825 quid
502 772 688 812 veteres
710 761 834 811 olim
859 759 1106 811 moneatis
1127 760 1295 811 amici.
1571 774 1664 823 345

156 857 295 908 Pone
318 858 492 918 seram,
516 857 717 910 cohibe.
769 857 864 908 Sed
887 858 1001 923 quis
1025 856 1268 909 custodiet
1286 857 1417 923 ipsos

158 955 438 1008 Custodes?
473 968 619 1007 cauta
636 955 722 1016 est,
761 968 812 1007 et
834 956 896 1008 ab
919 955 1015 1006 illis
1037 955 1233 1021 incipit,
1261 972 1404 1007 uxor.

158 1050 380 1117 Jamque
402 1051 578 1103 eadem
602 1051 829 1113 summis,
865 1051 1064 1118 pariter,
1091 1052 1418 1118 minimisque
1440 1051 1617 1104 libido.

158 1144 272 1197 Nec
295 1146 474 1197 melior
495 1143 707 1212 pedibus
731 1145 916 1197 filicem
945 1164 1058 1213 quae
1083 1148 1296 1199 conterit
1319 1160 1504 1210 atrum,

161 1241 334 1309 Qm
355 1259 468 1309 quae
492 1241 765 1307 longorum
787 1241 988 1294 vehitur
1008 1244 1199 1295 cervice
1218 1244 1473 1310 Syrorum.
1574 1265 1600 1312 3
1610 1263 1669 1312 50

161 1337 236 1393 Ut
260 1337 444 1404 spectet
464 1337 627 1398 ludos,
661 1338 900 1390 'conducit
925 1338 1152 1404 Ogulnia
1172 1338 1379 1401 vestem,

164 1436 424 1488 Conducit
444 1438 675 1497 comiteS,
709 1436 895 1497 sellam,
929 1439 1157 1499 cervical,
1192 1440 1397 1500 amicaS,

163 1530 457 1594 Nutricem,
492 1544 542 1584 et
564 1531 761 1592 flavam,
796 1534 881 1583 cui
902 1531 987 1583 det
1009 1533 1263 1592 mandata,
1297 1535 1538 1601 puellam.

165 1628 295 1680 Haec
320 1640 509 1690 tamen,
544 1631 738 1695 argenti
760 1630 974 1696 superest
998 1630 1365 1697 quodcumque
1386 1635 1599 1698 paterni,

167 1725 399 1777 Laevibus
423 1725 638 1787 athletis,
674 1745 730 1779 ac
754 1727 861 1778 vasa
883 1726 1161 1787 noviffima,
1189 1728 1359 1780 donat.
1582 1751 1609 1797 3
1619 1749 1642 1798 ς
1651 1751 1675 1800 5

169 1822 356 1873 Multis
380 1840 454 1874 res
479 1824 688 1890 angusta
710 1825 851 1875 domi
874 1825 969 1875 est:
1006 1825 1088 1876 sed
1109 1825 1246 1876 nulla
1269 1825 1519 1891 pudorem

170 1919 484 1987 Paupertatis
509 1921 693 1980 habet3
730 1941 822 1974 nec
847 1923 891 1974 se
916 1925 1126 1975 metitur
1149 1926 1210 1976 ad
1233 1924 1401 1986 illum,

172 2020 347 2086 Qm
358 2020 494 2071 dedit
503 2019 608 2072 h-aec
619 2021 904 2089 posuitque,
915 2023 1354 2076 modum.Tamen
1367 2026 1491 2078 utile
1503 2029 1627 2093 quid
1636 2028 1712 2091 fit,

172 2118 492 2184 Prospiciunt
514 2120 784 2185 aliquando
809 2122 900 2173 viri
914 2145 929 2181 ;
964 2121 1241 2190 frigusque,
1271 2124 1585 2192 famemque,

173 2217 410 2274 Formica
430 2220 635 2270 tandem
658 2219 870 2285 quidam
895 2219 1136 2288 expavere
1162 2224 1412 2290 magistra.
1591 2231 1685 2292 360

175 2316 393 2382 Prodiga
415 2336 516 2369 non
541 2317 688 2370 sentit
708 2333 1007 2385 pereuntem
1030 2321 1243 2374 foemina
1265 2323 1500 2377 censum:

178 2414 270 2472 At,
304 2414 442 2467 velut
462 2415 698 2467 exhausta
724 2418 968 2468 redivivus
994 2418 1212 2485 pullulet
1234 2438 1346 2472 arca

179 2512 461 2573 NummUS‚
486 2526 537 2566 et
562 2534 589 2566 e
612 2516 762 2580 pleno
785 2516 978 2583 semper
1002 2519 1209 2570 tollatur
1233 2537 1426 2580 acerv0,

180 2609 304 2660 Non
329 2629 558 2677 unquam
582 2625 798 2678 reputat,
834 2616 1012 2679 quanti
1035 2617 1124 2668 fibi
1148 2617 1331 2682 gaudia
1351 2617 1596 2670 constent.

186 2708 332 2769 Sunt,
368 2727 492 2776 quas
516 2710 736 2763 eunuchi
760 2712 1007 2773 imbeIleS‚
1042 2717 1098 2766 ac
1123 2714 1295 2767 mollia
1315 2714 1508 2782 semper
1596 2717 1692 2780 365

919 2813 970 2863 D
997 2833 1030 2875 4
1596 2811 1696 2863 Os·-
