1941 3363
484 206 917 293 JUVENALIS
973 211 1254 276 SATYRA
1312 223 1378 275 V.
1625 235 1703 302 37

204 352 338 405 Ecce
360 352 481 405 alius
509 366 699 421 quanto
721 357 939 421 porrexit
959 376 1219 410 murmure
1242 377 1424 424 panem

203 448 307 500 Vix
329 448 564 511 fractum,
592 452 753 504 solidae
767 452 876 518 jam
895 457 1097 507 mucida
1116 456 1267 508 frusta
1284 457 1471 517 sarinae,

201 541 328 611 Q
352 544 635 607 genuinum
661 543 867 607 agitent,
891 563 992 595 non
1020 547 1335 598 admittentia
1363 548 1601 600 morsum⁴

199 639 295 696 Sed
318 653 458 691 tener
474 652 522 691 et
546 641 735 700 niveus,
761 641 1002 706 mollique
1019 642 1207 707 siligine
1231 643 1391 694 factus
1652 662 1715 710 70

198 734 428 789 Servatur
450 734 675 789 domino,
720 735 968 786 Dextram
993 735 1227 788 cohibere
1250 752 1530 792 memento.

197 832 339 883 Salva
354 832 412 883 fit
435 845 639 899 artoptae
663 833 948 884 reverentia.
995 833 1155 898 Finge
1180 846 1346 887 tamen
1370 850 1419 888 te

192 929 581 995 Improbulum3
621 929 835 994 superest
851 930 954 983 illic
973 932 1061 997 qui
1086 951 1271 997 ponere
1294 949 1458 1001 cogat.

192 1023 310 1073 Vin'
335 1034 389 1074 tu
406 1023 652 1074 consuetis
674 1023 832 1075 audax
848 1025 1057 1076 conviva
1079 1027 1299 1080 canistris
1399 1018 1404 1025 ’

192 1119 418 1185 Impleri‚
438 1120 678 1187 panisque
703 1121 777 1172 tui
797 1121 981 1173 noviffe
1002 1122 1222 1175 colorem
1246 1125 1264 1173 ?
1650 1147 1676 1194 7
1684 1150 1707 1197 5

194 1217 393 1269 Scilicet
416 1217 515 1269 hoc
537 1217 716 1278 fuerat,
742 1230 946 1285 propter
970 1219 1127 1285 quod,
1152 1220 1276 1287 fiepe
1295 1222 1463 1275 relicta

194 1314 441 1383 Conjuge,
465 1335 555 1382 per
578 1329 807 1368 montem
830 1316 1104 1377 adversum,
1129 1317 1412 1386 gelidasque
1436 1326 1633 1377 cucurri

191 1415 461 1482 EsquiliaS,
479 1416 715 1469 fremeret
738 1415 857 1467 saeva
879 1433 1000 1467 cum
1022 1416 1263 1480 grandine
1286 1437 1463 1473 vernus

192 1515 410 1581 Jupiter,
438 1527 488 1565 et
511 1514 673 1565 multo
697 1513 896 1565 stillaret
921 1513 1118 1579 paenula
1141 1515 1347 1568 nimbo!

191 1611 391 1677 Aspice,
417 1629 573 1677 quam
591 1610 744 1675 longo
767 1593 1011 1661 distendat
1035 1612 1234 1675 pectore
1255 1611 1472 1674 lancem,
1650 1622 1710 1669 80

192 1708 322 1776 Qae
338 1707 496 1759 fertur
519 1707 745 1767 domino,
767 1707 945 1774 squilla
956 1731 972 1766 3
1001 1719 1050 1758 et
1074 1708 1256 1773 quibus
1278 1710 1502 1777 undique
1523 1712 1655 1779 septa

192 1805 475 1870 Asparagis,
503 1822 604 1870 qua
628 1804 861 1871 despiciat
887 1805 1113 1856 convivia
1136 1807 1312 1866 cauda,

193 1903 332 1953 Cum
356 1902 492 1953 venit
515 1900 690 1954 excelsi
715 1901 944 1954 manibus
972 1900 1160 1952 sublata
1187 1902 1416 1956 ministri.

195 2000 291 2052 Sed
314 1999 406 2050 tibi
430 1998 641 2049 dimidio
663 1998 957 2056 constrictus
981 2016 1263 2050 cammarus
1288 2018 1383 2051 ovo

193 2099 422 2157 Ponitur,
448 2098 629 2162 exigua
656 2096 821 2150 feralis
847 2115 990 2148 coena
1012 2097 1207 2163 patella.
1654 2108 1677 2152 8
1689 2121 1711 2169 5

193 2195 303 2260 Ipse
325 2195 612 2246 Venafrano
635 2194 822 2259 piscem
845 2193 1131 2260 perfundit:
1159 2205 1208 2243 at
1231 2192 1332 2252 hic,
1367 2194 1455 2260 qui

192 2293 414 2344 Pallidus
438 2291 646 2344 offertur
670 2290 847 2342 misero
877 2291 968 2342 tibi
995 2290 1165 2349 caulis,
1194 2290 1349 2341 olebit

194 2389 467 2440 Laternam
489 2407 502 2439 ε
537 2388 660 2439 illud
681 2388 818 2438 enim
845 2387 1012 2438 vestris
1037 2386 1183 2436 datur
1206 2385 1421 2444 alveolis,
1449 2384 1587 2451 quod

196 2488 376 2538 Canna
401 2487 732 2553 Micipsarum
756 2503 902 2551 prora
930 2484 1154 2535 subvexit
1189 2496 1332 2533 acuta
1353 2504 1364 2534 :

197 2584 409 2649 Propter
431 2584 569 2649 quod
590 2583 770 2633 Romae
795 2599 917 2632 cum
948 2582 1163 2632 Boccare
1188 2598 1340 2631 nemo
1360 2580 1550 2632 lavatur
1564 2602 1579 2638 3
1655 2597 1717 2642 90

199 2679 357 2751 Qd
380 2691 514 2731 tutos
538 2679 692 2730 etiam
718 2676 838 2730 facit
862 2694 888 2728 a
908 2676 1217 2742 serpentibus
1238 2676 1406 2728 Afros.

934 2777 978 2827 C
1003 2793 1030 2840 3
1571 2771 1716 2824 Μυὶ<
