1941 3363
725 201 1143 282 NOTAE.
1566 229 1693 290 209

165 357 314 392 mum
344 342 649 395 descendunt
680 345 892 405 adversa,
925 364 1082 412 quam
1118 344 1302 408 felicia,
1343 346 1598 416 acriusque
1631 371 1688 405 ac

161 436 510 505 vehementius
535 453 789 506 torquent.

231 553 336 600 153.
365 534 669 587 Cerdonibus.
719 536 1057 603 Videturhac
1086 556 1208 590 voce
1238 539 1545 593 Christianos
1569 554 1682 594 tan-

160 646 274 692 gere
282 653 297 687 ς
324 648 485 696 neque
509 632 646 682 enim
666 630 751 683 diu
774 632 1106 697 persecutioni
1129 653 1285 700 quam
1303 637 1355 689 in
1379 655 1461 690 eos
1477 638 1678 704 incepe-

156 738 248 786 rat,
275 724 562 793 supervixit.
622 729 941 782 Henm'nm'us.

666 895 791 946 AD
862 896 1059 949 SAT.
1120 898 1186 950 V.

166 1078 169 1082 .
218 1006 337 1060 Ver.
367 1026 412 1060 2.
460 1009 638 1062 Aliena
676 1009 879 1077 quadra.
948 1012 1121 1079 Qre
1155 1025 1326 1065 autem
1358 1013 1542 1081 quadra
1578 1035 1672 1083 pro

148 1102 374 1171 impensa
409 1108 582 1171 Scaltg.
619 1109 681 1160 ad
720 1108 987 1161 Moretum
1026 1109 1127 1160 late
1163 1111 1397 1177 explicat.
1464 1113 1669 1183 Qadra

148 1200 290 1251 enim
313 1218 405 1266 pro
427 1220 557 1267 pane
589 1203 678 1268 qui
700 1203 752 1253 in
775 1201 986 1268 quadras
1006 1202 1251 1268 dispertiri
1285 1204 1498 1257 solebat:
1534 1206 1668 1259 unde

143 1296 393 1350 Romanis
416 1299 537 1353 dicti
556 1310 708 1367 panes
730 1300 959 1368 quadrati
979 1314 1035 1355 ut
1059 1314 1200 1354 notat
1222 1304 1503 1357 Athenaeus.

209 1411 260 1458 3.
295 1393 492 1459 Iniquus
512 1388 582 1446 ¹ad
595 1395 789 1459 mensas.
843 1378 1218 1463 Iniquae'mensae
1240 1397 1369 1458 sunt,
1397 1399 1449 1450 in
1478 1400 1662 1466 quibus

141 1508 244 1542 non
268 1492 457 1545 eaedem
479 1492 636 1560 epulae
661 1493 868 1545 domino
891 1505 941 1545 et
962 1495 1182 1547 convivis
1205 1509 1540 1562 apponuntur,
1567 1517 1661 1552 nec

139 1582 278 1637 idem
302 1588 480 1638 vinum
506 1587 667 1639 datur.
735 1587 934 1641 Brodaei
949 1589 1148 1653 Miscell.

210 1699 285 1731 10.
323 1681 443 1733 Tam
455 1681 627 1747 jejuna
644 1680 809 1747 fames
831 1683 928 1735 &c.
980 1685 1080 1737 His
1112 1686 1274 1737 verbis
1311 1687 1502 1739 nullam
1539 1688 1654 1740 sub-

139 1775 232 1827 effe
268 1776 567 1830 sententiam
604 1777 753 1830 facile
790 1780 1049 1841 videbunt,
1087 1783 1177 1847 qui
1215 1783 1444 1834 animum
1479 1783 1651 1834 adver-

137 1884 264 1933 tent,
297 1873 451 1940 idque
476 1874 794 1926 librariorum
830 1875 993 1941 culpa.
1043 1877 1297 1944 Juvenalis
1329 1896 1506 1930 manus
1535 1877 1653 1940 fuit,

135 1981 237 2021 tam
243 1969 416 2035 jejuna
420 1968 619 2036 fames?
649 1971 775 2037 quin
805 1971 981 2038 poscis,
1011 1972 1233 2036 honestius
1254 1973 1346 2025 illic
1366 1986 1414 2026 et
1434 1987 1650 2027 tremere.

135 2067 179 2118 F
181 2067 376 2118 amesne
407 2079 545 2119 tanta
574 2067 644 2118 est
677 2079 734 2118 ut
760 2067 866 2118 illas
892 2068 1090 2133 patiaris
1113 2069 1472 2121 contumelias?
1509 2071 1651 2139 Qu

134 2166 393 2217 mendicas
428 2166 480 2217 in
516 2177 669 2231 ponte
703 2178 788 2217 aut
826 2166 1107 2233 crepidine:
1150 2166 1402 2218 honestius
1435 2168 1505 2219 est
1543 2169 1647 2220 illic

134 2261 290 2328 frigus
314 2263 436 2329 pati,
471 2276 521 2313 et
544 2261 740 2313 sordido
763 2280 889 2327 pane
913 2262 1054 2322 vesci,
1080 2281 1234 2328 quam
1258 2265 1309 2314 in
1332 2265 1498 2315 mensa
1520 2265 1648 2316 divi-

131 2372 246 2412 tum
279 2372 384 2410 tam
417 2359 623 2423 indigna
646 2360 766 2425 pati.
835 2360 964 2429 Qin
996 2359 1268 2425 legendum
1302 2362 1393 2414 effe
1417 2362 1647 2414 viderunt

132 2459 215 2511 alii
236 2476 457 2525 quoque.
528 2461 704 2513 Graev.

157 2588 159 2590 -
199 2560 276 2619 89.
320 2556 493 2606 Canna
532 2553 862 2619 Micipstzrum.
920 2554 1067 2605 Duos
1101 2555 1261 2606 versus
1294 2557 1382 2622 qui
1417 2559 1645 2624 proxime

125 2650 416 2718 sequuntur,
444 2651 542 2702 hoc
572 2651 744 2702 ordine
769 2650 1016 2716 scripserat
1039 2652 1322 2719 Juvenalis:

884 2748 931 2798 O
1509 2754 1649 2824 Qod
