1941 3363
703 214 1121 276 NOTAE.
1543 232 1665 294 213

147 384 234 419 nas
269 365 351 416 seu
375 362 550 429 phalas
576 362 629 413 in
658 362 741 414 ovi
772 361 1011 420 formam,
1046 356 1232 424 quibus
1263 355 1458 408 viarum
1484 355 1670 407 circui-

148 474 232 511 tus
279 459 463 510 certius
509 455 981 508 demonstrarentur.
1038 452 1226 506 Alciat.
1275 452 1491 513 Parerg.
1540 450 1667 521 Jur.

147 554 236 608 lib.
266 576 315 618 4.
342 572 452 619 cap.
483 568 560 617 27.

678 702 804 755 AD
865 701 1064 752 SAT.
1124 698 1240 749 VII.

212 832 333 883 Ver.
361 836 409 883 8.
442 828 703 902 Qadrans
740 827 897 886 nullus
933 826 981 879 in
1021 824 1208 883 umbra.
1271 823 1461 876 Melius
1500 834 1670 879 autem

148 947 286 989 arca,
319 928 419 981 hoc
452 928 523 986 est
555 927 589 979 fi
623 926 904 993 componiS‚
942 937 1000 977 ut
1034 924 1102 975 ait
1140 922 1241 983 ille,
1277 922 1501 974 carmina
1526 920 1674 975 nullos

151 1023 416 1092 referentia
439 1042 662 1076 nummos.
730 1023 921 1084 Grang.

222 1144 298 1177 ιο.
325 1126 503 1179 Auem
530 1124 714 1182 vendit&²
775 1124 928 1177 Novo
963 1123 1162 1175 dicendi
1196 1140 1392 1194 genere,
1429 1138 1521 1187 pro
1557 1118 1679 1185 quod

154 1221 290 1276 venit
311 1222 361 1276 in
383 1223 612 1275 achz‘one.

216 1341 301 1385 44.
339 1319 552 1380 Ordznis.
597 1319 973 1377 Subselliorum.

219 1421 302 1480 46.
330 1416 650 1474 Anabathra.
698 1415 901 1473 Gradus
925 1414 1004 1467 vel
1032 1413 1169 1467 scalae
1193 1413 1254 1471 ad
1278 1412 1471 1482 pulpita
1509 1411 1676 1464 ascen·

155 1508 338 1570 denda.

217 1622 301 1671 47.
338 1605 611 1670 Orchestra.
657 1605 826 1658 Locus
861 1616 964 1657 erat
992 1603 1046 1655 in
1081 1602 1294 1665 theatro,
1334 1601 1422 1655 ubi
1454 1600 1680 1654 honora-

152 1701 304 1759 tiores
326 1700 576 1752 sedebant.
622 1699 755 1760 Lab.

215 1813 299 1862 47.
348 1796 604 1851 Cathedris
647 1796 966 1863 reportandis.
1051 1796 1187 1863 Qia
1223 1793 1392 1854 sedilia
1427 1794 1531 1852 illic
1575 1810 1681 1845 non

155 1908 297 1948 erant
318 1908 577 1963 perpetua,
607 1896 731 1948 ficut
763 1897 816 1948 in
850 1896 1064 1955 theatr0‚
1097 1895 1177 1947 sed
1210 1895 1529 1960 temporaria,
1569 1910 1681 1958 quae

156 2011 186 2049 a
208 2004 358 2058 poeta
380 1992 596 2043 recitatis
630 1992 938 2044 carminibus
962 1990 1295 2049 solvebantur,
1329 1988 1392 2040 ad
1422 1984 1683 2039 dominos-

158 2104 258 2159 que
280 2087 681 2158 reportabantur.
728 2087 932 2140 Britan.

192 2258 195 2261 ¹
226 2202 306 2250 52.
343 2185 500 2247 AEgro
539 2184 588 2238 in
626 2183 778 2238 corde.
845 2183 1034 2238 Nullus
1084 2182 1318 2237 dubitem
1362 2179 1685 2235 scribendum

160 2281 255 2333 effe
276 2298 420 2344 aegre.
467 2280 725 2332 Scribendi
749 2279 1011 2332 cacoethes
1040 2298 1186 2342 aegre,
1221 2279 1320 2330 hoc
1352 2277 1438 2337 est,
1474 2275 1685 2336 difficul-

159 2387 235 2433 ter
259 2376 464 2428 senescit
497 2377 550 2428 in
586 2379 805 2443 pedtore.
864 2377 1060 2441 Magna
1091 2394 1214 2427 cum
1250 2375 1562 2433 difficultate,
1601 2372 1685 2423 vix

161 2492 390 2542 unquam
411 2474 657 2526 scribendi
680 2475 902 2526 carmina
923 2473 1173 2539 cupiditas
1198 2472 1479 2538 expellitur.
1509 2471 1682 2528 Graev,

231 2589 310 2639 54.
335 2571 482 2625 Nihil
500 2571 763 2637 exposttum.
810 2569 902 2620 Nil
927 2570 1129 2634 vulgare
1153 2580 1203 2621 et
1226 2584 1526 2625 commune3
1565 2579 1686 2615 nam

163 2684 278 2743 quae
300 2676 617 2735 exponuntur,
649 2666 944 2719 communia
967 2664 1095 2717 sunt.

854 2763 901 2820 O
938 2780 965 2830 3
1472 2774 1551 2824 73·
1589 2754 1684 2809 Al-
