1941 3363
261 215 391 275 224
792 169 1252 257 'NOTAE

311 360 424 408 735.
460 339 730 406 Squalorem
754 337 839 389 rei.
885 337 982 389 Rei
991 335 1217 403 squama
1242 346 1300 387 ut
1322 333 1504 387 habitu
1528 334 1768 402 suffraga-

248 449 380 489 tores
440 435 530 487 fibi
581 432 922 491 conciliarent,
982 443 1033 483 et
1089 429 1323 481 inimicos
1385 429 1774 495 permulcerent..

249 532 442 593 Grang.

701 624 751 674 A
784 623 836 673 D
904 621 934 672 S
969 621 1018 671 A
1053 620 1122 671 T.
1190 618 1335 670 XVI.

311 721 432 773 Ver.
461 740 501 771 1.
539 719 659 790 Qis
691 736 942 771 numerare
970 726 1111 782 queat
1135 715 1234 767 &c.
1278 713 1438 766 sensus
1466 713 1551 767 hic
1575 715 1772 770 videtur

251 816 362 878 effe,
397 828 454 868 ut
482 814 534 863 τὲ
553 814 715 881 felicis
750 812 929 865 referat
964 811 1026 862 ad
1063 810 1327 870 rationem,
1366 809 1416 856 τδ
1441 807 1671 878 prospera
1706 815 1770 867 ad

248 913 433 966 casum.
481 913 554 963 At
586 910 657 962 ita
687 910 778 969 fit;
813 907 1042 976 quamvis
1078 907 1345 958 innumera
1374 906 1468 959 fint
1502 906 1684 970 felicis,
1718 922 1770 963 et

248 1027 371 1060 cum
415 1007 606 1059 ratione
653 1005 796 1057 fa&ae
840 1001 1174 1069 expeditionis
1220 1001 1459 1067 praemia3
1516 1002 1552 1055 fi
1598 1015 1770 1058 tamen

246 1106 383 1158 casus
414 1118 465 1158 et
500 1105 573 1158 vis
607 1101 768 1170 major
800 1100 952 1154 castra
990 1099 1220 1166 prospera
1254 1081 1520 1165 praestaten
1561 1103 1770 1157 mallem

247 1201 508 1254 fortunata
546 1202 829 1254 temeritate
866 1196 1044 1250 eadem
1087 1194 1241 1246 castra
1285 1194 1464 1258 subire,
1512 1216 1671 1265 quam
1709 1201 1766 1254 in

247 1311 367 1365 toga
388 1296 618 1350 defidere.
687 1294 901 1349 Henm‘n.

313 1400 394 1447 60.
432 1396 501 1447 Ut
517 1393 627 1447 laeti
636 1391 849 1460 phaleris
871 1408 1037 1449 omnes,
1062 1398 1111 1440 et
1133 1386 1375 1453 torquibus
1399 1407 1566 1442 omnes.

249 1492 454 1557 Semper
489 1488 620 1541 mihi
653 1488 818 1542 nescio
850 1479 1109 1553 quom'odo
1139 1480 1391 1549 displicuit
1422 1485 1619 1538 insolita
1650 1506 1768 1542 meo

248 1586 414 1638 Poetae
451 1584 696 1643 ταυτολογία
732 1583 779 1631 τί
815 1599 982 1639 omnes,
1027 1578 1167 1645 quod
1213 1578 1324 1629 sane
1369 1579 1512 1632 valde
1557 1582 1766 1650 insipide

246 1681 322 1734 bis
364 1692 621 1747 comparat
665 1678 764 1730 hoc
809 1676 963 1729 versu.
1022 1673 1272 1726 Putabam
1309 1691 1430 1738 ergo
1465 1675 1768 1742 Juvenalem

246 1778 492 1845 scripfiffe,
534 1795 626 1844 pro
658 1794 810 1828 omnes
837 1785 884 1824 et
919 1771 1058 1839 quod
1095 1770 1248 1823 hodie
1278 1771 1481 1836 legitur,
1517 1772 1645 1825 olim
1682 1794 1764 1827 ar·

245 1874 398 1926 millis.
466 1873 683 1925 Mecum
713 1869 880 1929 faciet,
914 1867 1008 1934 vqui
1040 1865 1284 1932 cogitabit
1318 1865 1464 1918 facile
1497 1885 1560 1918 ex
1589 1867 1638 1914 τδ
1672 1888 1762 1922 ar-

248 1967 395 2028 millir,
422 1980 713 2033 temporum
741 1963 1106 2029 descriptorum
1140 1959 1624 2036 emendatorumque
1652 1962 1763 2028 lap-

249 2065 301 2117 su
328 2061 635 2130 degenerasse
665 2079 815 2112 omnes
850 2070 914 2110 et.
981 2056 1216 2109 Armillas
1250 2073 1366 2107 vero
1402 2055 1531 2107 inter
1566 2057 1762 2110 virtutis

248 2142 476 2212 militaris
516 2156 720 2221 prae1nia
758 2151 915 2212 fuisse,
960 2162 1138 2218 praeter
1178 2149 1325 2215 ipfius
1372 2149 1507 2200 vocis
1552 2161 1760 2215 etymon

251 2258 312 2310 ab
347 2257 494 2309 armis
534 2255 837 2312 desumtum,
878 2251 1085 2302 testante
1125 2247 1287 2313 ffidor.
1320 2249 1464 2314 Orig.
1499 2267 1758 2315 19—31.

251 2357 430 2409 docent
456 2353 694 2405 sexcentae
718 2349 946 2402 historiae.
1014 2346 1229 2402 Hermia.
