1941 3363
318 270 440 313 212
888 253 1307 315 NOTAE.

377 400 488 461 298.
540 392 817 459 Fregerunt
839 396 1040 462 stecula.
1098 399 1463 466 Corruperunt‚
1512 416 1825 459 enervarunu

307 494 388 547 Sic
413 493 547 560 apud
568 494 681 545 Liv.
708 496 883 561 Capua
906 495 1291 567 diciturfregff
1312 497 1674 551 Hannibalern.

368 604 484 650 441.
511 586 661 640 Nemo
683 587 841 648 tubas,
867 609 993 643 nemo
1015 590 1333 656 aerafhtzget.
1381 591 1441 642 In
1465 591 1665 644 defectu
1691 593 1823 644 lunae

302 681 525 736 solebant
558 702 653 735 aera
674 697 893 751 quatere,
927 687 1067 753 queis
1098 687 1189 752 ipfi
1223 687 1453 739 auxiliari
1479 688 1526 739 se
1557 689 1820 755 putabant.

306 781 499 845 Grang.

368 895 429 944 54
433 897 479 944 3.
506 879 731 933 Sacerdos
751 880 955 933 arboris.
981 882 1145 950 Judaei
1169 882 1444 948 alligabant
1465 882 1714 936 arboribus
1734 903 1823 936 ur-

300 978 354 1030 bi
378 980 623 1046 proximis
638 980 955 1049 jumentum,
981 981 1154 1049 ibique
1178 994 1284 1034 tota
1306 985 1453 1034 nocte
1479 1001 1579 1034 una
1601 1002 1722 1035 cum
1743 982 1823 1035 fa·

300 1076 442 1128 milia
464 1077 800 1140 dormiebant,
836 1098 899 1131 ex
927 1098 1028 1147 qua
1049 1097 1198 1130 mane
1221 1078 1504 1144 surgebant,
1529 1091 1587 1130 ut
1614 1080 1666 1131 in
1697 1079 1822 1132 urbe

297 1173 630 1237 vaticinatum
662 1177 917 1236 venirent,
959 1177 1092 1228 unde
1126 1176 1290 1229 facete
1323 1176 1499 1242 Judaea
1530 1176 1819 1230 materfam.

294 1267 485 1322 arbores
489 1269 727 1334 shcerdos
780 1274 972 1335 Grang.
988 1252 992 1254 .

428 1367 524 1419 Sed
548 1370 762 1420 memini
784 1371 952 1421 virum
970 1387 1219 1433 magnum
1241 1366 1341 1420 hoc
1363 1368 1642 1436 intelligere
1659 1369 1720 1421 de
1739 1387 1819 1421 ar-

297 1459 448 1513 borea
465 1481 627 1523 aurea,
646 1465 736 1516 viti
753 1465 996 1516 nimirum
1012 1465 1100 1515 ista
1118 1466 1327 1531 appensa
1347 1465 1409 1516 ad
1426 1465 1588 1516 valvas
1606 1465 1817 1532 Templi

293 1553 757 1624 Hierosolymitani,
783 1560 844 1610 de
869 1577 969 1625 qua
987 1570 1199 1624 uterque
1221 1556 1466 1624 josephus
1487 1571 1537 1610 et
1557 1559 1637 1610 alii
1660 1578 1818 1626 quam

246 1644 248 1653 ἱ
289 1649 518 1715 plurimi.
575 1653 837 1720 Ingeniosa
869 1654 981 1705 sane
1013 1651 1315 1720 conjectura,
1354 1673 1465 1720 quae
1499 1654 1658 1720 specie
1688 1673 1815 1721 qua-

291 1743 414 1795 dam
450 1747 622 1799 oculos
658 1748 964 1814 perstringit,
1004 1744 1085 1800 sed
1121 1747 1207 1798 cui
1245 1760 1413 1799 tamen
1453 1747 1608 1799 fidem
1647 1767 1813 1801 meam

292 1859 395 1893 non
418 1844 613 1910 poffum
640 1845 1039 1896 accommodare.
1088 1844 1207 1895 Vid.
1236 1846 1389 1909 Epist.
1414 1843 1483 1895 ad
1501 1846 1717 1898 Gronov.

361 1954 473 2004 575.
510 1938 758 2006 Thraſjsli.
802 1939 1092 2006 Thrasyllus
1135 1956 1226 2004 pro
1269 1957 1577 2004 quocunque
1612 1940 1812 1994 mathe-

295 2036 510 2097 matico3
537 2038 635 2090 fuit
658 2040 796 2090 enim
821 2039 1113 2102 Astrologus
1138 2038 1353 2089 Tiberii.
1832 2018 1835 2019 ⁷

362 2138 473 2198 589.
499 2131 710 2198 Consulit
730 2147 845 2186 ante
860 2135 1051 2199 phalas.
1104 2135 1207 2186 Hic
1239 2135 1378 2186 locus
1401 2135 1723 2201 explicandus
1748 2153 1808 2187 ex

289 2230 497 2285 historia
518 2232 721 2295 Dionis,
750 2234 822 2286 lib
844 2254 924 2298 49.
961 2235 1093 2285 circa
1123 2230 1297 2293 finem,
1329 2234 1417 2300 qui
1452 2234 1600 2285 tradit
1625 2235 1706 2285 Μ.
1734 2237 1811 2285 Α-

288 2330 541 2396 grippam,
576 2349 699 2383 cum
724 2332 775 2382 in
808 2330 1186 2397 Hippodromo,
1222 2330 1254 2380 i.
1280 2349 1319 2380 e.
1353 2330 1522 2389 Circ0,
1554 2331 1641 2396 qui
1670 2331 1809 2384 locus

289 2426 471 2480 Romae
511 2429 800 2480 exercendis
854 2427 1166 2479 Circensibus
1212 2426 1342 2477 ludis
1387 2426 1639 2478 institutus
1686 2441 1807 2488 erat,

288 2526 478 2579 videret
510 2527 790 2594 plerunque
821 2538 1037 2576 errantes
1073 2525 1125 2575 in
1159 2542 1387 2583 numerO,
1425 2524 1550 2576 dum
1587 2525 1807 2578 duorum

286 2624 560 2676 stadiorum
582 2625 933 2676 circuitionem
957 2624 1260 2688 cursumque
1288 2623 1455 2673 minus
1483 2625 1614 2674 recte
1637 2623 1804 2675 obser-

289 2718 677 2788 varent,juffiffe
699 2719 958 2785 delphines
982 2718 1224 2788 quosdam
1260 2717 1491 2771 fabricari
1525 2730 1574 2770 et
1606 2718 1804 2771 machi-

1715 2832 1802 2868 nas
