1941 3363
412 228 840 315 JUVENALIS
890 228 1161 311 SATYRA
1211 241 1333 294 XV.
1530 255 1651 319 153

139 373 246 424 Ora
269 373 506 439 puellares
532 374 726 426 faciunt
752 376 939 427 incerta
962 377 1148 442 capilli.

139 469 347 522 Naturae
372 472 584 539 imperio
607 473 878 538 gemimu8‚
905 492 1027 524 cum
1054 474 1205 527 funus
1230 475 1410 529 adultae

137 564 360 630 Virginis
386 570 620 628 occurrit,
645 569 721 619 vel
744 581 873 620 terra
894 569 1141 621 clauditur
1165 570 1346 630 infans,

134 657 204 715 Et
224 659 388 711 minor
408 662 519 726 igne
543 662 667 727 rogi.
713 663 841 730 Qs
864 662 1002 712 enim
1026 662 1205 724 bonus,
1226 678 1313 717 aut
1334 664 1444 718 face
1466 667 1647 734 dignus

135 754 350 814 Arcana,
378 758 578 821 qualem
606 758 798 808 Cereris
823 758 930 808 vult
952 757 1046 808 effe
1070 758 1309 821 sacerdos,
1555 783 1642 826 141

133 847 251 899 Ulla
275 850 432 902 aliena
456 851 545 902 fibi
568 853 736 903 credat
761 852 926 903 mala?
960 852 1147 919 separat
1168 855 1268 907 hoc
1290 875 1381 909 nos

129 942 178 992 A
204 961 354 1008 grege
378 958 658 1005 mutorum,
682 957 832 1011 atque
855 947 970 998 ideo
992 948 1271 1003 venerabile
1292 950 1379 1008 soli

129 1040 302 1091 Sortiti
323 1042 608 1105 ingenium,
631 1042 1016 1108 divinorumque
1038 1063 1260 1111 capaces,

126 1138 298 1202 Atque
319 1139 606 1191 exercendis
629 1140 980 1206 capiendisque
1003 1143 1188 1193 artibus
1213 1145 1334 1210 apti,
1548 1167 1637 1216 ¹45

123 1236 332 1296 Sensum
356 1256 383 1289 a
404 1237 589 1290 coelesti
614 1237 880 1289 demiffum
900 1239 1145 1291 traximus
1170 1260 1298 1303 arce,

122 1330 284 1399 Cujus
307 1345 455 1399 egent
478 1351 653 1400 prona,
678 1345 728 1385 et
752 1346 936 1386 terram
958 1335 1242 1401 spectantia.
1311 1340 1503 1395 Mundi

121 1430 377 1498 Principio
398 1430 597 1482 indulfit
619 1431 905 1482 communis
929 1433 1162 1484 conditor
1185 1434 1282 1485 illis

120 1528 351 1592 Tantum
369 1530 578 1588 animas,
596 1527 738 1579 nobis
756 1529 987 1581 animum
1005 1548 1234 1597 quoque3
1253 1544 1461 1585 mutuus
1481 1545 1536 1586 ut
1553 1553 1644 1589 nos

120 1625 348 1678 Affeftus
372 1638 539 1693 petere
562 1625 829 1685 auxilium,
854 1638 904 1678 et
926 1627 1150 1693 praestare
1163 1626 1384 1695 juberet,
1543 1651 1561 1682 1
1572 1651 1634 1699 50

117 1722 371 1789 Dispersos
397 1722 589 1774 trahere
610 1724 663 1774 in
685 1723 952 1789 populum,
977 1725 1192 1790 migrare
1214 1727 1410 1780 vetusto

117 1819 200 1870 De
224 1837 446 1878 nemore,
469 1830 521 1871 ,et
542 1819 737 1885 proavis
759 1818 1004 1870 habitatas
1024 1819 1252 1886 linquere
1274 1819 1457 1887 sylvas;

112 1914 382 1973 AEdificare
407 1914 600 1974 domm,
626 1914 810 1966 laribus
832 1913 1139 1981 conjungere
1161 1916 1337 1978 nostris

114 2011 341 2062 Tedium
365 2010 515 2068 aliud,
541 2021 677 2061 tutos
700 2011 867 2063 vicino
887 2011 1062 2062 limine
1087 2011 1286 2063 somnos

118 2108 194 2158 Ut
217 2106 397 2158 collata
419 2106 557 2157 daret
579 2105 761 2160 fiducia
773 2130 788 2166 ς
825 2119 1084 2172 protegere
1106 2107 1257 2159 armis
1536 2129 1556 2168 ι
1566 2126 1592 2176 5
1600 2124 1637 2174 ς,

111 2205 351 2272 Lapsum‚
378 2216 462 2259 aut
484 2203 676 2268 ingenti
699 2216 964 2275 nutantem
985 2204 1209 2264 vulnere,
1236 2204 1430 2264 civem3

112 2301 393 2354 Communi
415 2301 530 2352 dare
553 2301 688 2366 figna
709 2300 846 2360 tuba,
870 2300 1126 2353 defendier
1143 2301 1304 2352 isdem

112 2400 381 2460 Turribus,
405 2411 555 2465 atque
576 2417 676 2450 una
698 2410 958 2465 portarum
983 2397 1119 2459 clave
1144 2399 1320 2451 teneri.

111 2498 205 2549 Sed
220 2496 329 2564 jam
352 2497 637 2563 serpentum
659 2494 819 2562 major
841 2496 1136 2547 concordia:
1174 2496 1334 2561 parcit

109 2596 350 2661 Cognatis
375 2594 584 2646 maculis
604 2593 775 2644 fimilis
798 2591 918 2643 fera.
990 2591 1209 2660 Qando
1237 2591 1371 2646 leoni
1535 2590 1627 2645 160

107 2691 308 2745 Fortior
329 2692 515 2759 eripuit
537 2692 695 2754 vitam
715 2689 832 2742 leo?
869 2706 971 2767 quo
992 2706 1199 2740 nemore
1223 2705 1452 2754 unquam

1360 2780 1623 2847 Expiravit
