1941 3363
685 194 1104 289 NOTAE.
1541 212 1663 278 205

213 363 287 411 15.
324 341 592 397 Mercedem
614 340 835 407 pendere.
877 339 1016 391 Nam
1040 337 1190 406 penso
1217 354 1326 398 aere‚
1356 348 1406 389 et
1430 355 1535 388 non
1567 355 1667 390 nu-

141 456 336 497 merato
365 444 535 495 debita
570 442 837 493 solvebant.
906 441 1109 492 Britan.

211 546 286 592 16.
322 539 729 606 Mendicatsjslva
753 538 850 590 ὃς.
879 535 1045 603 Sylva,
1069 536 1101 586 i.
1130 555 1168 586 e.
1195 535 1359 601 Judaei
1375 535 1425 586 in
1442 554 1665 603 unaqua-

144 657 244 706 que
271 639 411 704 sylvae
440 639 614 690 arbore
639 655 761 688 cum
785 636 1060 687 miserrima
1088 634 1278 684 familia
1303 637 1670 700 pernoffi‘cantes‚

143 753 299 786 mane
324 735 375 785 in
403 735 585 785 urbem
611 745 734 784 eunt
765 732 1131 783 mendicatum.
1183 733 1374 795 Grang.

220 851 295 897 19.
323 833 513 883 N'umen
538 850 692 896 aquae.
738 830 924 881 Nullus
951 830 1088 880 enim
1121 827 1232 879 fons
1266 828 1365 879 fine
1395 828 1666 882 divinitate.

142 965 144 967 >
212 932 292 979 61.
330 930 552 980 Graecam
576 927 752 979 urbem.
778 927 1020 986 Romam,
1046 927 1098 977 in
1117 943 1219 991 qua
1238 927 1421 978 Graecis
1444 927 1670 980 moribus

149 1023 351 1074 vivitur.
422 1024 615 1086 Grang.

215 1123 296 1181 64.
325 1117 536 1170 Gentilia
564 1125 803 1184 tympana.
855 1116 1113 1184 Qniam
1146 1116 1347 1168 inventa
1379 1117 1587 1170 fuerunt
1616 1120 1670 1171 in

148 1218 305 1284 Syria.
365 1219 557 1281 Grang.

218 1319 299 1380 67.
337 1317 493 1368 Sumit
516 1316 835 1383 trechedipna.
889 1314 1486 1377 Vestemendromidem,
1511 1336 1621 1384 quae
1645 1337 1674 1371 a

151 1410 291 1474 curfic
318 1423 368 1462 et
397 1430 526 1464 crena
552 1430 741 1463 nomen
765 1410 934 1462 habet.
995 1413 1185 1474 Grang.
1568 1456 1572 1457 ⁷

223 1514 333 1559 108.
367 1509 426 1560 Si
439 1509 591 1560 trulla
613 1510 797 1572 inverfh
820 1508 918 1559 ὃς.
955 1508 1014 1558 Id
1038 1508 1123 1567 est,
1148 1508 1182 1559 fi
1204 1509 1400 1561 trullam
1424 1512 1526 1563 vini
1562 1514 1672 1565 ebi-

153 1605 247 1666 bit,
281 1607 351 1658 ita
379 1620 434 1658 ut
463 1607 684 1660 fundum
715 1608 962 1666 everterit,
995 1621 1044 1658 et
1073 1620 1224 1673 epoto
1255 1620 1362 1659 toto
1388 1610 1504 1661 vino
1529 1610 1672 1665 labiis

153 1700 332 1769 sugens
352 1708 619 1771 crepuerit,
645 1718 696 1758 et
722 1706 984 1772 strepitum
1008 1705 1214 1757 dederit.
1279 1704 1486 1758 Turneb.

228 1827 335 1870 114.
374 1807 550 1871 Transt
585 1809 850 1875 Gymnafia.
903 1808 1144 1860 Notanda
1176 1808 1353 1869 lectio,
1389 1810 1420 1862 i.
1439 1831 1476 1862 e.
1511 1811 1675 1879 migra

159 1901 221 1953 ad
245 1902 537 1967 Gymnafia.
573 1902 757 1954 Lubin.

235 2021 252 2052 1
269 2006 342 2053 16.
380 2002 563 2053 Stoicus
585 2000 747 2053 occidit
772 2002 871 2054 &c.
911 2002 1036 2054 Non
1061 2004 1283 2070 ipsemet,
1309 2004 1390 2055 sed
1411 2002 1510 2056 fuit
1534 2006 1676 2058 causa

159 2097 282 2150 falso
305 2099 392 2150 suo
415 2097 702 2149 testimonio
724 2116 814 2149 cur
835 2099 1164 2152 occideretur.
1204 2103 1395 2165 Grang.

230 2215 341 2261 139.
377 2196 614 2248 Servavit
645 2195 895 2260 trepidam.
957 2198 1080 2267 Jac.
1109 2198 1297 2251 Mclml.
1335 2203 1522 2265 Loensts
1552 2202 1676 2268 legit

161 2294 395 2360 tepidam5
421 2293 502 2345 sed
521 2293 767 2359 trepidam
784 2294 1086 2360 σατυρικώτεςον
1103 2297 1343 2361 quiddam
1362 2299 1501 2365 sapit.
1540 2302 1586 2351 F
1587 2320 1675 2351 ar·-

152 2389 276 2442 mab.
855 2375 859 2378 Δ

235 2491 342 2537 168.
379 2485 518 2556 de
535 2496 678 2552 turpe
694 2487 909 2550 negavit.
949 2488 1176 2553 Corrige,
1202 2491 1410 2553 negabit,
1431 2510 1563 2542 error
1586 2511 1676 2543 na-

159 2594 244 2634 tus
280 2604 342 2636 ex
375 2587 615 2639 affinitate
646 2587 801 2638 literae
836 2587 902 2646 V,
941 2599 991 2638 et
1024 2588 1081 2646 B,
1118 2591 1353 2640 extremis
1390 2591 1674 2655 reipublicae

163 2684 495 2751 temporibu3‚
515 2699 571 2738 ut
587 2686 752 2737 videre
768 2684 837 2736 est
856 2684 906 2736 in
922 2684 1154 2738 Pande&
1179 2686 1483 2740 Florentims.
1520 2689 1676 2740 Vesus

1526 2786 1680 2850 igitur
